3369 5142
606 305 736 373 408
1618 330 2002 379 mianum

1054 502 1333 571 εὔπειςον
1378 503 1631 582 ἀτυχῶν
1676 502 1801 571 {ew
1847 500 2162 583 ἄνθρωπος
2209 501 2509 584 Φύσει.,

601 606 775 672 idem
823 629 921 693 ap.
970 608 1146 675 Stob.
1196 610 1301 676 98.
1352 608 1469 675 53:

1062 714 1420 796 τρια-ἄθλιόν
1465 741 1543 793 γε
1593 716 1698 780 καὶ
1747 716 2138 796 ταλαίπωρον
2182 717 2430 797 φύσει

1050 830 1292 887 πολλῶν
1339 846 1407 885 τε
1455 822 1645 901 μετόν
1693 824 1782 891 ἐςι
1831 822 1900 887 τὸ
1952 819 2054 901 ζῆν
2101 824 2474 903 φροντίδων..

601 927 770 992 idem
821 947 919 1012 ap.
968 926 1145 995 Stob.
1198 928 1305 995 73.
1356 926 1477 993 46:

1136 1037 1382 1117 φύσει
1433 1038 1585 1113 γυνὴ
1633 1033 1908 1100 δυο-ὤνιόν
1959 1036 2048 1101 ἐςι
2099 1036 2201 1098 καὶ
2253 1034 2480 1115 πικρόν.

604 1139 773 1205 idem
822 1140 1091 1225 denique
1138 1162 1233 1226 ap.
1287 1140 1464 1207 Stob.
1514 1140 1802 1226 Append.
1850 1141 2018 1206 Flor.
2062 1161 2121 1225 p.
2177 1139 2278 1205 31.
2338 1140 2454 1205 11:

1142 1248 1239 1312 ἀεὶ
1289 1248 1344 1312 δ’
1391 1249 1418 1312 ὅ
1468 1246 1690 1319 σωθείς
1739 1248 1861 1314 ἔςιν
1907 1246 2208 1326 ὦχαὶριςον
2252 1249 2514 1329 Φύσει.

602 1351 841 1417 Eodem
889 1352 1078 1419 modo
1124 1354 1425 1419 credibile
1471 1361 1566 1419 est
1611 1355 1846 1420 dixisse
1893 1352 2371 1418 Philemonem:

1053 1458 1209 1534 οἶμ’
1254 1464 1345 1531 ὡς
1395 1461 1640 1541 πονηρόν
1689 1461 1813 1528 ἕςιν
1859 1456 2274 1539 ἄνθρωπος
2321 1459 2586 1539 φύσει.

598 1563 833 1630 Itidem
881 1564 1039 1640 οἶμοι
1088 1568 1325 1632 excidit
1369 1568 1438 1631 in
1487 1565 1826 1633 Menandri
1871 1567 2230 1653 fragmento
2276 1566 2506 1630 Athen.
2557 1564 2666 1630 VI.
2717 1564 2848 1631 248
2878 1565 2965 1630 B:

970 1672 1233 1757 (οἶμοι)
1278 1673 1523 1752 τοὶλοις,
1573 1670 1798 1747 gem-:xc
1849 1670 1940 1737 ἔτι
1990 1672 2135 1751 πρὸς
2183 1678 2324 1743 ταῖς
2372 1670 2624 1751 &tipum

602 1779 766 1863 quod
812 1781 1025 1866 magis
1072 1778 1281 1863 placet
1326 1801 1518 1866 quam
1566 1780 1830 1845 Porsoni
1877 1779 2428 1865 supplementum:
2483 1778 2572 1863 (τί
2617 1775 2685 1865 ὦ)
2737 1777 2963 1849 τάλας.

596 1884 767 1949 Illud
813 1884 1002 1965 φύσει
1050 1890 1397 1951 sexcenties
1442 1889 1848 1973 conjungitur
1896 1907 2040 1949 cum
2089 1892 2314 1952 neutro
2359 1906 2621 1973 genere,
2661 1888 2844 1952 cuius
2877 1886 2967 1949 rei

598 1994 753 2056 satis
798 1991 1007 2057 multa
1052 1992 1344 2078 exempla
1389 1992 1535 2057 dedi
1582 1992 1660 2057 ad
1709 1988 2116 2057 Charitonem
2165 1994 2232 2056 in
2282 1992 2522 2057 Mnem.
2573 1990 2774 2056 XVII.
2817 1990 2961 2056 197.

598 2098 864 2163 Prorsus
923 2098 1096 2163 idem
1156 2100 1393 2165 vitium
1457 2097 1623 2183 quod
1684 2098 1854 2181 apud
1915 2096 2356 2163 Philemonem
2405 2098 2963 2182 deprehendimus,

598 2204 765 2289 apud
815 2201 1221 2269 Charitonem
1272 2206 1684 2269 commissum
1733 2204 1858 2268 fuit
1905 2225 1963 2289 p.
2013 2202 2122 2267 21.
2180 2200 2280 2266 18.

688 2416 869 2496 Quod
915 2415 1252 2481 Philemon
1298 2415 1549 2500 scripsit
1592 2436 1651 2499 p.
1707 2414 1746 2479 3
1793 2414 1968 2479 Mk.:

1046 2524 1239 2600 μεςῆν
1288 2522 1515 2603 ὁρῶντα
1564 2524 1673 2596 τὴν
1721 2520 1897 2586 πόλιν
1944 2523 2231 2601 νεωτέρων

1050 2628 1296 2702 τούτους
1343 2631 1401 2694 τ’
1452 2629 1713 2711 ἔχοντας
1762 2632 1871 2704 τὴν
1919 2629 2280 2708 ἀναγκαίαν
2325 2633 2546 2708 Φύσιν,

591 2757 811 2804 veram
888 2740 1267 2822 scripturam
1335 2741 1686 2801 monstrare
1755 2738 1986 2822 poterit
2054 2736 2120 2800 in
2195 2736 2532 2820 Amphidis
2599 2758 2786 2802 versu
2859 2757 2957 2821 ap.

594 2845 831 2910 Athen.
882 2842 963 2908 II.
1015 2842 1097 2907 69
1148 2843 1237 2908 B:

1045 2958 1121 3031 τῇ
1169 2949 1328 3028 χειρὶ
1379 2948 1603 3026 τρίβων
1651 2949 1758 3023 τὴν
1810 2949 2176 3025 ἀναγκαίαν
2223 2949 2316 3012 τύ
2333 2971 2435 3026 χη
2458 2973 2533 3024 ν.,

591 3078 738 3122 nam
785 3059 879 3121 ibi
925 3076 1191 3140 quoque,
1244 3057 1343 3118 uti
1384 3054 1598 3129 vides,
1650 3053 1898 3132 Φύσιν
1951 3057 2222 3138 requiro,
2272 3053 2568 3120 Mentula
2603 3063 2730 3130 est,
2773 3075 2962 3136 quam

591 3163 912 3229 comoedia
981 3163 1241 3226 honeste
1308 3163 1417 3234 τὴν
1478 3162 1838 3238 ἀναγκαίαν
1897 3161 2087 3241 φύσιν
2153 3160 2532 3246 appellavit3
2598 3159 2789 3245 longe
2839 3160 2963 3224 alio

592 3291 779 3335 sensu
838 3271 948 3343 τὴν
1010 3268 1367 3344 κ’νοιγκοιίοιν
1430 3267 1631 3348 τύχην
1693 3265 2032 3350 Sophocles
2093 3266 2261 3330 dixit
2322 3265 2499 3330 Aiac.
2565 3287 2658 3331 νδ.
2722 3262 2852 3329 485
2901 3270 2965 3330 et

592 3374 747 3442 803.
794 3375 915 3440 Sed
958 3374 1099 3439 leve
1143 3375 1263 3439 hoc
1308 3384 1403 3438 est
1450 3379 1514 3438 et
1560 3374 1782 3438 itidem
1831 3372 2006 3449 leve,
2057 3370 2223 3455 quod
2267 3372 2560 3456 displicet
2605 3393 2667 3455 p.
2718 3370 2780 3438 6.
2825 3369 2959 3434 Mk.

951 3482 1095 3544 κούκ
1142 3477 1265 3546 ἔςιν
1314 3476 1586 3559 ἕτερον
1636 3479 1785 3559 πκρ’
1835 3479 2033 3556 ἑτέρου
2080 3477 2305 3555 λαβεῖν
2351 3475 2580 3557 τύχην,

590 3588 705 3652 ubi
774 3585 1050 3664 ἑτέραν
1120 3584 1307 3651 malo.
1404 3581 1719 3651 Continuo
1789 3587 2075 3668 sequitur
2139 3581 2313 3646 aliud
2377 3583 2809 3669 fragmentum
2886 3603 2962 3647 ex

592 3690 990 3756 Philemonis
1036 3691 1361 3763 ’Λπόλιδος
1387 3713 1402 3729 ·

860 3797 1000 3879 οὐχὶ
1050 3797 1227 3875 μόνον
1274 3793 1443 3870 οὗτος
1494 3793 1624 3877 εὗρε
1675 3804 1800 3868 πῶς
1849 3795 2208 3870 λαλήσομεν

856 3905 1108 3980 αὐτοῖς,
1160 3903 1507 3984 ἀπέχοντες
1556 3903 1751 3968 πολὺν
1796 3900 1914 3966 ἀπ’
1965 3902 2258 3975 ἀλλήλων
2305 3901 2629 3985 χρόνον,

858 4009 977 4075 οὐδ’
1026 4007 1087 4075 ὃν
1136 4009 1351 4087 τρόπον
1396 4008 1704 4087 μηδέποτε
1755 4008 1909 4084 μηδὲ
1960 4003 2046 4078 εἷς
2093 4007 2287 4074 πάλιν

860 4116 1169 4191 &mazio-effi
1218 4119 1383 4193 ἡμῶν
1430 4114 1650 4191 μηδέν,
1701 4114 2042 4192 ἐμβλέψας
2089 4115 2154 4180 δέ
2205 4139 2347 4179 που

858 4227 981 4289 τοὶκ
1031 4226 1135 4286 τοῦ
1184 4222 1399 4302 χρόνον
1446 4225 1553 4285 τοῦ
1602 4222 1833 4293 παντὸς
1885 4221 2074 4285 εἷο-,στ’
2121 4221 2297 4285 ἀλλὰ
2346 4219 2448 4282 καὶ

859 4336 1075 4410 ψυχῆς
1123 4327 1328 4409 ἰατρὸν
1375 4325 1746 4412 κατέλιπεν,
1797 4329 1882 4392 τὰ
1927 4326 2310 4407 γράμματα.

586 4437 715 4502 Hic
758 4437 1044 4521 primum
1082 4433 1361 4502 Cobetus
1406 4433 1643 4500 Mnem.
1695 4432 1865 4498 XIII.
1918 4431 2050 4500 433
2097 4432 2398 4498 correxit:
2447 4434 2793 4513 ἀπέχοντες
2840 4458 2950 4500 πο-
