<?xml version="1.0" encoding="UTF-8"?>
<!DOCTYPE html PUBLIC "-//W3C//DTD XHTML 1.0 Transitional//EN"
    "http://www.w3.org/TR/xhtml1/DTD/xhtml1-transitional.dtd">
<html xmlns="http://www.w3.org/1999/xhtml" xml:lang="en" lang="en">
 <head>
  <title>
</title>
<meta http-equiv="Content-Type" content="text/html;charset=utf-8" />
  <meta name='ocr-system' content='tesseract 3.04.00' />
  <meta name='ocr-capabilities' content='ocr_page ocr_carea ocr_par ocr_line ocrx_word'/>
</head>
<body>
  <div class='ocr_page' id='page_1' title='image "./mnemosynevolume01verdgoog_0218.png"; bbox 0 0 3369 5142; ppageno 0'>
   <div class='ocr_carea' id='block_1_1' title="bbox 606 315 1911 388">
    <p class='ocr_par' dir='ltr' id='par_1_1' title="bbox 606 315 1911 388">
     <span class='ocr_line' id='line_1_1' title="bbox 606 315 1911 388; baseline 0 -2"><span class='ocrx_word' id='word_1_1' title='bbox 606 315 739 387; x_wconf 80' lang='lat'><strong>206</strong></span> <span class='ocrx_word' id='word_1_2' title='bbox 1670 337 1911 388; x_wconf 76' lang='grc' dir='ltr'>οισιιιιο.</span> 
     </span>
    </p>
   </div>
   <div class='ocr_carea' id='block_1_2' title="bbox 602 509 3006 4511">
    <p class='ocr_par' dir='ltr' id='par_1_2' title="bbox 606 509 3003 1552">
     <span class='ocr_line' id='line_1_2' title="bbox 608 509 3002 596; baseline 0.001 -19"><span class='ocrx_word' id='word_1_3' title='bbox 608 513 849 596; x_wconf 77' lang='lat' dir='ltr'><strong>tivam,</strong></span> <span class='ocrx_word' id='word_1_4' title='bbox 914 512 1022 578; x_wconf 88' lang='lat' dir='ltr'><strong>sed</strong></span> <span class='ocrx_word' id='word_1_5' title='bbox 1084 512 1335 579; x_wconf 79' lang='lat' dir='ltr'><strong>diversa</strong></span> <span class='ocrx_word' id='word_1_6' title='bbox 1388 514 1556 578; x_wconf 88' lang='lat' dir='ltr'><strong>inter</strong></span> <span class='ocrx_word' id='word_1_7' title='bbox 1614 535 1682 580; x_wconf 89' lang='lat' dir='ltr'><strong>se</strong></span> <span class='ocrx_word' id='word_1_8' title='bbox 1745 517 1928 585; x_wconf 85' lang='lat' dir='ltr'><strong>sunt,</strong></span> <span class='ocrx_word' id='word_1_9' title='bbox 1991 533 2106 578; x_wconf 87' lang='lat' dir='ltr'><strong>nec</strong></span> <span class='ocrx_word' id='word_1_10' title='bbox 2151 532 2287 577; x_wconf 86' lang='lat' dir='ltr'><strong>rem</strong></span> <span class='ocrx_word' id='word_1_11' title='bbox 2337 509 2596 578; x_wconf 83' lang='lat' dir='ltr'><strong>definire</strong></span> <span class='ocrx_word' id='word_1_12' title='bbox 2641 514 3002 580; x_wconf 76' lang='lat' dir='ltr'><strong>necessario</strong></span> 
     </span>
     <span class='ocr_line' id='line_1_3' title="bbox 609 617 2999 704; baseline 0.002 -22"><span class='ocrx_word' id='word_1_13' title='bbox 609 623 705 682; x_wconf 89' lang='lat' dir='ltr'><strong>est</strong></span> <span class='ocrx_word' id='word_1_14' title='bbox 774 618 967 682; x_wconf 81' lang='lat' dir='ltr'><strong>verbo</strong></span> <span class='ocrx_word' id='word_1_15' title='bbox 1035 623 1251 684; x_wconf 88' lang='lat' dir='ltr'><strong>notare</strong></span> <span class='ocrx_word' id='word_1_16' title='bbox 1271 667 1288 693; x_wconf 91' lang='lat'><strong>,</strong></span> <span class='ocrx_word' id='word_1_17' title='bbox 1352 617 1462 684; x_wconf 89' lang='lat' dir='ltr'><strong>sed</strong></span> <span class='ocrx_word' id='word_1_18' title='bbox 1524 620 1680 704; x_wconf 90' lang='lat' dir='ltr'><strong>quid</strong></span> <span class='ocrx_word' id='word_1_19' title='bbox 1740 620 1983 684; x_wconf 83' lang='lat' dir='ltr'><strong>factum</strong></span> <span class='ocrx_word' id='word_1_20' title='bbox 2049 621 2136 683; x_wconf 88' lang='lat' dir='ltr'><strong>sit</strong></span> <span class='ocrx_word' id='word_1_21' title='bbox 2197 619 2580 684; x_wconf 87' lang='lat' dir='ltr'><strong>constituere</strong></span> <span class='ocrx_word' id='word_1_22' title='bbox 2625 625 2693 684; x_wconf 92' lang='lat' dir='ltr'><strong>et</strong></span> <span class='ocrx_word' id='word_1_23' title='bbox 2737 621 2999 686; x_wconf 82' lang='lat' dir='ltr'><strong>omissis</strong></span> 
     </span>
     <span class='ocr_line' id='line_1_4' title="bbox 606 721 3000 810; baseline 0.001 -21"><span class='ocrx_word' id='word_1_24' title='bbox 606 723 891 790; x_wconf 80' lang='lat' dir='ltr'><strong>fortuitis</strong></span> <span class='ocrx_word' id='word_1_25' title='bbox 956 731 1252 790; x_wconf 88' lang='lat' dir='ltr'><strong>naturam</strong></span> <span class='ocrx_word' id='word_1_26' title='bbox 1323 725 1475 791; x_wconf 86' lang='lat' dir='ltr'><strong>facti</strong></span> <span class='ocrx_word' id='word_1_27' title='bbox 1537 729 1942 792; x_wconf 86' lang='lat' dir='ltr'><strong>constituere.</strong></span> <span class='ocrx_word' id='word_1_28' title='bbox 2036 723 2136 790; x_wconf 90' lang='lat' dir='ltr'><strong>De</strong></span> <span class='ocrx_word' id='word_1_29' title='bbox 2197 721 2303 790; x_wconf 89' lang='lat' dir='ltr'><strong>Or.</strong></span> <span class='ocrx_word' id='word_1_30' title='bbox 2363 723 2444 788; x_wconf 88' lang='lat' dir='ltr'><strong>H.</strong></span> <span class='ocrx_word' id='word_1_31' title='bbox 2507 724 2632 810; x_wconf 76' lang='lat'><strong>24,</strong></span> <span class='ocrx_word' id='word_1_32' title='bbox 2703 726 2866 790; x_wconf 87' lang='lat'>104:</span> <span class='ocrx_word' id='word_1_33' title='bbox 2927 728 3000 792; x_wconf 89' lang='lat' dir='ltr'><strong>in</strong></span> 
     </span>
     <span class='ocr_line' id='line_1_5' title="bbox 609 829 3002 916; baseline 0.001 -20"><span class='ocrx_word' id='word_1_34' title='bbox 609 850 733 916; x_wconf 90' lang='lat' dir='ltr'><strong>quo</strong></span> <span class='ocrx_word' id='word_1_35' title='bbox 796 851 917 896; x_wconf 91' lang='lat' dir='ltr'><strong>non</strong></span> <span class='ocrx_word' id='word_1_36' title='bbox 972 835 1083 896; x_wconf 88' lang='lat' dir='ltr'><strong>aut</strong></span> <span class='ocrx_word' id='word_1_37' title='bbox 1130 831 1283 915; x_wconf 89' lang='lat' dir='ltr'><strong>quid</strong></span> <span class='ocrx_word' id='word_1_38' title='bbox 1329 830 1575 896; x_wconf 82' lang='lat' dir='ltr'><strong>sactum</strong></span> <span class='ocrx_word' id='word_1_39' title='bbox 1618 833 1706 896; x_wconf 88' lang='lat' dir='ltr'><strong>sit</strong></span> <span class='ocrx_word' id='word_1_40' title='bbox 1751 843 1864 897; x_wconf 88' lang='lat' dir='ltr'><strong>aut</strong></span> <span class='ocrx_word' id='word_1_41' title='bbox 1906 829 2054 914; x_wconf 82' lang='lat' dir='ltr'><strong>fiat,</strong></span> <span class='ocrx_word' id='word_1_42' title='bbox 2104 830 2479 896; x_wconf 81' lang='lat' dir='ltr'><strong>futurumve</strong></span> <span class='ocrx_word' id='word_1_43' title='bbox 2523 832 2612 896; x_wconf 90' lang='lat' dir='ltr'><strong>sit</strong></span> <span class='ocrx_word' id='word_1_44' title='bbox 2655 837 3002 916; x_wconf 75' lang='lat' dir='ltr'><strong>quaeratur</strong></span> 
     </span>
     <span class='ocr_line' id='line_1_6' title="bbox 609 934 3000 1022; baseline 0 -19"><span class='ocrx_word' id='word_1_45' title='bbox 609 943 723 1003; x_wconf 90' lang='lat' dir='ltr'><strong>aut</strong></span> <span class='ocrx_word' id='word_1_46' title='bbox 784 937 969 1022; x_wconf 85' lang='lat' dir='ltr'><strong>qusle</strong></span> <span class='ocrx_word' id='word_1_47' title='bbox 1030 940 1115 1002; x_wconf 90' lang='lat' dir='ltr'><strong>sit</strong></span> <span class='ocrx_word' id='word_1_48' title='bbox 1177 943 1289 1001; x_wconf 86' lang='lat' dir='ltr'><strong>aut</strong></span> <span class='ocrx_word' id='word_1_49' title='bbox 1348 938 1501 1022; x_wconf 89' lang='lat' dir='ltr'><strong>quid</strong></span> <span class='ocrx_word' id='word_1_50' title='bbox 1564 944 1844 1003; x_wconf 83' lang='lat' dir='ltr'><strong>vocetur.</strong></span> <span class='ocrx_word' id='word_1_51' title='bbox 1939 935 2078 1002; x_wconf 84' lang='lat' dir='ltr'><strong>Inv.</strong></span> <span class='ocrx_word' id='word_1_52' title='bbox 2131 935 2182 1002; x_wconf 92' lang='grc' dir='ltr'><strong>Ι.</strong></span> <span class='ocrx_word' id='word_1_53' title='bbox 2233 934 2296 1019; x_wconf 88' lang='grc'><strong>9,</strong></span> <span class='ocrx_word' id='word_1_54' title='bbox 2351 935 2469 1002; x_wconf 81' lang='lat'><strong>12:</strong></span> <span class='ocrx_word' id='word_1_55' title='bbox 2534 956 2684 1002; x_wconf 88' lang='lat' dir='ltr'><strong>cum</strong></span> <span class='ocrx_word' id='word_1_56' title='bbox 2729 943 2794 1002; x_wconf 88' lang='lat' dir='ltr'><strong>et</strong></span> <span class='ocrx_word' id='word_1_57' title='bbox 2839 939 3000 1022; x_wconf 83' lang='lat' dir='ltr'><strong>quid</strong></span> 
     </span>
     <span class='ocr_line' id='line_1_7' title="bbox 609 1041 2998 1128; baseline 0.001 -22"><span class='ocrx_word' id='word_1_58' title='bbox 609 1043 853 1109; x_wconf 76' lang='lat' dir='ltr'><strong>fectum</strong></span> <span class='ocrx_word' id='word_1_59' title='bbox 901 1046 987 1108; x_wconf 88' lang='lat' dir='ltr'><strong>sit</strong></span> <span class='ocrx_word' id='word_1_60' title='bbox 1033 1045 1364 1128; x_wconf 87' lang='lat' dir='ltr'><strong>convenit,</strong></span> <span class='ocrx_word' id='word_1_61' title='bbox 1404 1050 1468 1108; x_wconf 90' lang='lat' dir='ltr'><strong>et</strong></span> <span class='ocrx_word' id='word_1_62' title='bbox 1506 1063 1630 1128; x_wconf 91' lang='lat' dir='ltr'><strong>quo</strong></span> <span class='ocrx_word' id='word_1_63' title='bbox 1670 1043 1738 1108; x_wconf 92' lang='lat' dir='ltr'><strong>id</strong></span> <span class='ocrx_word' id='word_1_64' title='bbox 1778 1044 2020 1109; x_wconf 82' lang='lat' dir='ltr'><strong>sactum</strong></span> <span class='ocrx_word' id='word_1_65' title='bbox 2057 1043 2315 1107; x_wconf 89' lang='lat' dir='ltr'><strong>nomine</strong></span> <span class='ocrx_word' id='word_1_66' title='bbox 2354 1041 2664 1127; x_wconf 74' lang='lat' dir='ltr'><strong>appellari</strong></span> <span class='ocrx_word' id='word_1_67' title='bbox 2687 1047 2998 1128; x_wconf 78' lang='lat' dir='ltr'><strong>oporteat.</strong></span> 
     </span>
     <span class='ocr_line' id='line_1_8' title="bbox 608 1146 2994 1233; baseline 0 -19"><span class='ocrx_word' id='word_1_68' title='bbox 608 1148 704 1214; x_wconf 91' lang='lat' dir='ltr'><strong>Ib.</strong></span> <span class='ocrx_word' id='word_1_69' title='bbox 768 1148 831 1233; x_wconf 88' lang='lat'><strong>8,</strong></span> <span class='ocrx_word' id='word_1_70' title='bbox 899 1149 1025 1214; x_wconf 91' lang='lat'><strong>11:</strong></span> <span class='ocrx_word' id='word_1_71' title='bbox 1098 1146 1453 1215; x_wconf 87' lang='lat' dir='ltr'><strong>definienda</strong></span> <span class='ocrx_word' id='word_1_72' title='bbox 1510 1169 1609 1214; x_wconf 90' lang='lat' dir='ltr'><strong>res</strong></span> <span class='ocrx_word' id='word_1_73' title='bbox 1667 1152 1790 1214; x_wconf 90' lang='lat' dir='ltr'><strong>erit</strong></span> <span class='ocrx_word' id='word_1_74' title='bbox 1847 1148 2060 1216; x_wconf 75' lang='lat' dir='ltr'><strong>verbis</strong></span> <span class='ocrx_word' id='word_1_75' title='bbox 2123 1153 2188 1213; x_wconf 90' lang='lat' dir='ltr'><strong>et</strong></span> <span class='ocrx_word' id='word_1_76' title='bbox 2237 1149 2514 1214; x_wconf 83' lang='lat' dir='ltr'><strong>breviter</strong></span> <span class='ocrx_word' id='word_1_77' title='bbox 2561 1147 2994 1214; x_wconf 85' lang='lat' dir='ltr'><strong>describenda.</strong></span> 
     </span>
     <span class='ocr_line' id='line_1_9' title="bbox 608 1251 3002 1340; baseline 0.001 -22"><span class='ocrx_word' id='word_1_78' title='bbox 608 1253 949 1340; x_wconf 74' lang='lat' dir='ltr'><strong>splendide</strong></span> <span class='ocrx_word' id='word_1_79' title='bbox 1009 1253 1222 1320; x_wconf 84' lang='lat' dir='ltr'><strong>Bske:</strong></span> <span class='ocrx_word' id='word_1_80' title='bbox 1292 1256 1577 1332; x_wconf 81' lang='lat' dir='ltr'><strong>„crimen</strong></span> <span class='ocrx_word' id='word_1_81' title='bbox 1625 1255 1976 1332; x_wconf 77' lang='lat' dir='ltr'><strong>desiderat,</strong></span> <span class='ocrx_word' id='word_1_82' title='bbox 2025 1258 2101 1319; x_wconf 89' lang='lat' dir='ltr'><strong>ut</strong></span> <span class='ocrx_word' id='word_1_83' title='bbox 2147 1251 2436 1328; x_wconf 87' lang='lat' dir='ltr'><strong>definiat,</strong></span> <span class='ocrx_word' id='word_1_84' title='bbox 2483 1274 2718 1320; x_wconf 89' lang='lat' dir='ltr'><strong>nomen</strong></span> <span class='ocrx_word' id='word_1_85' title='bbox 2764 1259 2840 1320; x_wconf 88' lang='lat' dir='ltr'><strong>ut</strong></span> <span class='ocrx_word' id='word_1_86' title='bbox 2885 1275 3002 1321; x_wconf 91' lang='lat' dir='ltr'><strong>no-</strong></span> 
     </span>
     <span class='ocr_line' id='line_1_10' title="bbox 612 1359 3003 1447; baseline 0 -22"><span class='ocrx_word' id='word_1_87' title='bbox 612 1365 741 1437; x_wconf 89' lang='lat' dir='ltr'><strong>tet,</strong></span> <span class='ocrx_word' id='word_1_88' title='bbox 792 1366 1245 1447; x_wconf 81' lang='lat' dir='ltr'><strong>argumentum</strong></span> <span class='ocrx_word' id='word_1_89' title='bbox 1265 1408 1281 1438; x_wconf 91' lang='lat'><strong>,</strong></span> <span class='ocrx_word' id='word_1_90' title='bbox 1332 1364 1407 1426; x_wconf 87' lang='lat' dir='ltr'><strong>ut</strong></span> <span class='ocrx_word' id='word_1_91' title='bbox 1452 1360 1710 1446; x_wconf 90' lang='lat' dir='ltr'><strong>probet,</strong></span> <span class='ocrx_word' id='word_1_92' title='bbox 1761 1365 1992 1426; x_wconf 87' lang='lat' dir='ltr'><strong>testem</strong></span> <span class='ocrx_word' id='word_1_93' title='bbox 2011 1407 2028 1436; x_wconf 94' lang='lat'><strong>,</strong></span> <span class='ocrx_word' id='word_1_94' title='bbox 2079 1365 2154 1425; x_wconf 88' lang='lat' dir='ltr'><strong>ut</strong></span> <span class='ocrx_word' id='word_1_95' title='bbox 2199 1359 2581 1426; x_wconf 85' lang='lat' dir='ltr'><strong>confirmet&#39;&#39;.</strong></span> <span class='ocrx_word' id='word_1_96' title='bbox 2622 1359 2748 1426; x_wconf 83' lang='lat' dir='ltr'><strong>Sed</strong></span> <span class='ocrx_word' id='word_1_97' title='bbox 2785 1363 3003 1428; x_wconf 87' lang='lat' dir='ltr'><strong>minor</strong></span> 
     </span>
     <span class='ocr_line' id='line_1_11' title="bbox 612 1464 1988 1552; baseline 0 -21"><span class='ocrx_word' id='word_1_98' title='bbox 612 1464 899 1531; x_wconf 85' lang='lat' dir='ltr'><strong>Manutii</strong></span> <span class='ocrx_word' id='word_1_99' title='bbox 946 1469 1251 1545; x_wconf 88' lang='lat' dir='ltr'><strong>mutati0‚</strong></span> <span class='ocrx_word' id='word_1_100' title='bbox 1307 1471 1382 1533; x_wconf 92' lang='lat' dir='ltr'><strong>ut</strong></span> <span class='ocrx_word' id='word_1_101' title='bbox 1427 1469 1686 1552; x_wconf 86' lang='lat' dir='ltr'><strong>opinor,</strong></span> <span class='ocrx_word' id='word_1_102' title='bbox 1734 1465 1988 1532; x_wconf 86' lang='lat' dir='ltr'><strong>sufficit.</strong></span> 
     </span>
    </p>

    <p class='ocr_par' dir='ltr' id='par_1_3' title="bbox 610 1570 3006 1978">
     <span class='ocr_line' id='line_1_12' title="bbox 705 1570 3006 1661; baseline 0.001 -24"><span class='ocrx_word' id='word_1_103' title='bbox 705 1571 768 1637; x_wconf 83' lang='lat'><strong>8.</strong></span> <span class='ocrx_word' id='word_1_104' title='bbox 818 1571 925 1637; x_wconf 82' lang='lat' dir='ltr'><strong>Sic</strong></span> <span class='ocrx_word' id='word_1_105' title='bbox 969 1570 1316 1660; x_wconf 80' lang='lat' dir='ltr'><strong>legendum</strong></span> <span class='ocrx_word' id='word_1_106' title='bbox 1363 1574 1653 1640; x_wconf 83' lang='lat' dir='ltr'><strong>videtur:</strong></span> <span class='ocrx_word' id='word_1_107' title='bbox 1711 1575 2036 1658; x_wconf 91' lang='lat' dir='ltr'><strong>„primum</strong></span> <span class='ocrx_word' id='word_1_108' title='bbox 2079 1571 2288 1657; x_wconf 87' lang='lat' dir='ltr'><strong>qualis</strong></span> <span class='ocrx_word' id='word_1_109' title='bbox 2319 1593 2420 1650; x_wconf 89' lang='lat' dir='ltr'><strong>es,</strong></span> <span class='ocrx_word' id='word_1_110' title='bbox 2461 1577 2685 1640; x_wconf 75' lang='lat' dir='ltr'><strong>tALem</strong></span> <span class='ocrx_word' id='word_1_111' title='bbox 2711 1575 2827 1661; x_wconf 85' lang='lat' dir='ltr'><strong>fac</strong></span> <span class='ocrx_word' id='word_1_112' title='bbox 2861 1577 3006 1639; x_wconf 67' lang='grc' dir='ltr'><strong>Διά·</strong></span> 
     </span>
     <span class='ocr_line' id='line_1_13' title="bbox 611 1678 3003 1765; baseline 0.002 -21"><span class='ocrx_word' id='word_1_113' title='bbox 611 1684 677 1744; x_wconf 85' lang='lat' dir='ltr'><strong>te</strong></span> <span class='ocrx_word' id='word_1_114' title='bbox 714 1679 1102 1744; x_wconf 82' lang='lat' dir='ltr'><strong>existiment.</strong></span> <span class='ocrx_word' id='word_1_115' title='bbox 1143 1716 1227 1728; x_wconf 94' lang='lat'>-</span> <span class='ocrx_word' id='word_1_116' title='bbox 1255 1717 1335 1728; x_wconf 91' lang='lat'><strong>—-—</strong></span> <span class='ocrx_word' id='word_1_117' title='bbox 1378 1678 1535 1761; x_wconf 84' lang='lat' dir='ltr'><strong>Quis</strong></span> <span class='ocrx_word' id='word_1_118' title='bbox 1572 1683 1667 1744; x_wconf 87' lang='lat' dir='ltr'><strong>est</strong></span> <span class='ocrx_word' id='word_1_119' title='bbox 1707 1682 1916 1755; x_wconf 90' lang='lat' dir='ltr'><strong>enim,</strong></span> <span class='ocrx_word' id='word_1_120' title='bbox 1957 1681 2064 1744; x_wconf 91' lang='lat' dir='ltr'><strong>cui</strong></span> <span class='ocrx_word' id='word_1_121' title='bbox 2108 1681 2211 1744; x_wconf 84' lang='lat' dir='ltr'><strong>via</strong></span> <span class='ocrx_word' id='word_1_122' title='bbox 2249 1682 2374 1744; x_wconf 86' lang='lat' dir='ltr'><strong>ista</strong></span> <span class='ocrx_word' id='word_1_123' title='bbox 2409 1699 2534 1745; x_wconf 89' lang='lat' dir='ltr'><strong>non</strong></span> <span class='ocrx_word' id='word_1_124' title='bbox 2574 1678 2830 1765; x_wconf 81' lang='lat' dir='ltr'><strong>pateat?</strong></span> <span class='ocrx_word' id='word_1_125' title='bbox 2854 1681 3003 1764; x_wconf 74' lang='lat' dir='ltr'><strong>quis</strong></span> 
     </span>
     <span class='ocr_line' id='line_1_14' title="bbox 613 1784 3004 1872; baseline 0 -23"><span class='ocrx_word' id='word_1_126' title='bbox 613 1786 725 1850; x_wconf 88' lang='lat' dir='ltr'><strong>isti</strong></span> <span class='ocrx_word' id='word_1_127' title='bbox 750 1785 945 1850; x_wconf 87' lang='lat' dir='ltr'><strong>aetati</strong></span> <span class='ocrx_word' id='word_1_128' title='bbox 979 1784 1194 1872; x_wconf 84' lang='lat' dir='ltr'><strong>[atque</strong></span> <span class='ocrx_word' id='word_1_129' title='bbox 1218 1787 1409 1851; x_wconf 89' lang='lat' dir='ltr'><strong>etiam</strong></span> <span class='ocrx_word' id='word_1_130' title='bbox 1438 1787 1547 1849; x_wconf 87' lang='lat' dir='ltr'><strong>isti</strong></span> <span class='ocrx_word' id='word_1_131' title='bbox 1572 1786 1912 1871; x_wconf 83' lang='lat' dir='ltr'><strong>dig-nitati]</strong></span> <span class='ocrx_word' id='word_1_132' title='bbox 1937 1804 2060 1849; x_wconf 89' lang='lat' dir='ltr'><strong>non</strong></span> <span class='ocrx_word' id='word_1_133' title='bbox 2085 1788 2285 1870; x_wconf 88' lang='lat' dir='ltr'><strong>possit</strong></span> <span class='ocrx_word' id='word_1_134' title='bbox 2309 1805 2500 1869; x_wconf 89' lang='lat' dir='ltr'><strong>quam</strong></span> <span class='ocrx_word' id='word_1_135' title='bbox 2527 1785 2689 1851; x_wconf 86' lang='lat' dir='ltr'><strong>velit</strong></span> <span class='ocrx_word' id='word_1_136' title='bbox 2711 1784 3004 1871; x_wconf 86' lang='lat' dir='ltr'><strong>petulan-</strong></span> 
     </span>
     <span class='ocr_line' id='line_1_15' title="bbox 610 1888 3002 1978; baseline 0 -22"><span class='ocrx_word' id='word_1_137' title='bbox 610 1896 727 1968; x_wconf 86' lang='lat' dir='ltr'><strong>ter,</strong></span> <span class='ocrx_word' id='word_1_138' title='bbox 753 1893 951 1956; x_wconf 80' lang='lat' dir='ltr'><strong>etism</strong></span> <span class='ocrx_word' id='word_1_139' title='bbox 974 1893 1029 1956; x_wconf 87' lang='lat' dir='ltr'><strong>si</strong></span> <span class='ocrx_word' id='word_1_140' title='bbox 1052 1912 1175 1955; x_wconf 90' lang='lat' dir='ltr'><strong>non</strong></span> <span class='ocrx_word' id='word_1_141' title='bbox 1198 1893 1334 1956; x_wconf 90' lang='lat' dir='ltr'><strong>sine</strong></span> <span class='ocrx_word' id='word_1_142' title='bbox 1356 1889 1493 1956; x_wconf 88' lang='lat' dir='ltr'><strong>ulla</strong></span> <span class='ocrx_word' id='word_1_143' title='bbox 1514 1894 1882 1976; x_wconf 77' lang='lat' dir='ltr'><strong>suspitione,</strong></span> <span class='ocrx_word' id='word_1_144' title='bbox 1909 1896 1976 1955; x_wconf 80' lang='lat' dir='ltr'><strong>st</strong></span> <span class='ocrx_word' id='word_1_145' title='bbox 1999 1893 2134 1956; x_wconf 90' lang='lat' dir='ltr'><strong>sine</strong></span> <span class='ocrx_word' id='word_1_146' title='bbox 2158 1898 2537 1978; x_wconf 82' lang='lat' dir='ltr'><strong>argumento</strong></span> <span class='ocrx_word' id='word_1_147' title='bbox 2561 1891 2731 1957; x_wconf 91' lang='lat' dir='ltr'><strong>male</strong></span> <span class='ocrx_word' id='word_1_148' title='bbox 2754 1888 3002 1958; x_wconf 73' lang='lat' dir='ltr'><strong>dicere?</strong></span> 
     </span>
    </p>

    <p class='ocr_par' dir='ltr' id='par_1_4' title="bbox 602 1994 3006 4101">
     <span class='ocr_line' id='line_1_16' title="bbox 703 1994 3002 2064; baseline 0 -1"><span class='ocrx_word' id='word_1_149' title='bbox 703 1994 900 2064; x_wconf 79' lang='lat' dir='ltr'><strong>codd.</strong></span> <span class='ocrx_word' id='word_1_150' title='bbox 969 2000 1105 2063; x_wconf 90' lang='lat' dir='ltr'><strong>sine</strong></span> <span class='ocrx_word' id='word_1_151' title='bbox 1166 1996 1429 2062; x_wconf 86' lang='lat' dir='ltr'><strong>lacunae</strong></span> <span class='ocrx_word' id='word_1_152' title='bbox 1490 2005 1642 2062; x_wconf 80' lang='lat' dir='ltr'><strong>nota</strong></span> <span class='ocrx_word' id='word_1_153' title='bbox 1705 1997 1890 2063; x_wconf 79' lang='lat' dir='ltr'><strong>talem</strong></span> <span class='ocrx_word' id='word_1_154' title='bbox 1953 2010 2008 2062; x_wconf 85' lang='lat' dir='ltr'><strong>te</strong></span> <span class='ocrx_word' id='word_1_155' title='bbox 2069 1999 2434 2063; x_wconf 70' lang='lat' dir='ltr'><strong>existumem</strong></span> <span class='ocrx_word' id='word_1_156' title='bbox 2493 2004 2608 2064; x_wconf 91' lang='lat' dir='ltr'><strong>aut</strong></span> <span class='ocrx_word' id='word_1_157' title='bbox 2651 2003 3002 2064; x_wconf 67' lang='lat' dir='ltr'><strong>existumas.</strong></span> 
     </span>
     <span class='ocr_line' id='line_1_17' title="bbox 611 2103 3002 2181; baseline -0 -12"><span class='ocrx_word' id='word_1_158' title='bbox 611 2104 953 2170; x_wconf 84' lang='lat' dir='ltr'><strong>Halmius:</strong></span> <span class='ocrx_word' id='word_1_159' title='bbox 1008 2104 1244 2181; x_wconf 85' lang='lat' dir='ltr'><strong>„talem</strong></span> <span class='ocrx_word' id='word_1_160' title='bbox 1296 2109 1358 2168; x_wconf 90' lang='lat' dir='ltr'><strong>te</strong></span> <span class='ocrx_word' id='word_1_161' title='bbox 1407 2104 1567 2169; x_wconf 84' lang='lat' dir='ltr'><strong>velis</strong></span> <span class='ocrx_word' id='word_1_162' title='bbox 1614 2103 1905 2168; x_wconf 88' lang='lat' dir='ltr'><strong>homines</strong></span> <span class='ocrx_word' id='word_1_163' title='bbox 1950 2103 2366 2169; x_wconf 87' lang='lat' dir='ltr'><strong>existiment”</strong></span> <span class='ocrx_word' id='word_1_164' title='bbox 2415 2103 2526 2169; x_wconf 82' lang='lat' dir='ltr'><strong>sed</strong></span> <span class='ocrx_word' id='word_1_165' title='bbox 2571 2125 2698 2170; x_wconf 90' lang='lat' dir='ltr'><strong>non</strong></span> <span class='ocrx_word' id='word_1_166' title='bbox 2739 2110 3002 2170; x_wconf 81' lang='lat' dir='ltr'><strong>tantum</strong></span> 
     </span>
     <span class='ocr_line' id='line_1_18' title="bbox 602 2207 3002 2300; baseline -0 -24"><span class='ocrx_word' id='word_1_167' title='bbox 602 2214 749 2300; x_wconf 81' lang='lat' dir='ltr'><strong>pati</strong></span> <span class='ocrx_word' id='word_1_168' title='bbox 811 2211 1005 2296; x_wconf 77' lang='lat' dir='ltr'><strong>(velle)</strong></span> <span class='ocrx_word' id='word_1_169' title='bbox 1070 2209 1341 2275; x_wconf 85' lang='lat' dir='ltr'><strong>debebat</strong></span> <span class='ocrx_word' id='word_1_170' title='bbox 1402 2208 1776 2284; x_wconf 86' lang='lat' dir='ltr'><strong>Atratinus,</strong></span> <span class='ocrx_word' id='word_1_171' title='bbox 1844 2209 1954 2274; x_wconf 89' lang='lat' dir='ltr'><strong>sed</strong></span> <span class='ocrx_word' id='word_1_172' title='bbox 2017 2210 2076 2274; x_wconf 90' lang='lat' dir='ltr'><strong>ei</strong></span> <span class='ocrx_word' id='word_1_173' title='bbox 2133 2208 2586 2275; x_wconf 88' lang='lat' dir='ltr'><strong>elaborandum</strong></span> <span class='ocrx_word' id='word_1_174' title='bbox 2632 2216 2768 2276; x_wconf 87' lang='lat' dir='ltr'><strong>erat</strong></span> <span class='ocrx_word' id='word_1_175' title='bbox 2817 2207 2962 2298; x_wconf 81' lang='lat' dir='ltr'><strong>(sac</strong></span> <span class='ocrx_word' id='word_1_176' title='bbox 2983 2257 3002 2286; x_wconf 87' lang='lat'>‚</span> 
     </span>
     <span class='ocr_line' id='line_1_19' title="bbox 610 2315 3002 2403; baseline -0.001 -21"><span class='ocrx_word' id='word_1_177' title='bbox 610 2316 785 2403; x_wconf 78' lang='lat' dir='ltr'><strong>cura)</strong></span> <span class='ocrx_word' id='word_1_178' title='bbox 855 2323 929 2380; x_wconf 89' lang='lat' dir='ltr'><strong>ut</strong></span> <span class='ocrx_word' id='word_1_179' title='bbox 979 2337 1059 2381; x_wconf 89' lang='lat' dir='ltr'><strong>ne</strong></span> <span class='ocrx_word' id='word_1_180' title='bbox 1106 2318 1282 2400; x_wconf 87' lang='lat' dir='ltr'><strong>peior</strong></span> <span class='ocrx_word' id='word_1_181' title='bbox 1330 2315 1653 2381; x_wconf 84' lang='lat' dir='ltr'><strong>videretur</strong></span> <span class='ocrx_word' id='word_1_182' title='bbox 1697 2335 1891 2399; x_wconf 82' lang='lat' dir='ltr'><strong>quam</strong></span> <span class='ocrx_word' id='word_1_183' title='bbox 1940 2320 2122 2381; x_wconf 88' lang='lat' dir='ltr'><strong>esset.</strong></span> <span class='ocrx_word' id='word_1_184' title='bbox 2175 2353 2260 2364; x_wconf 89' lang='lat'>—</span> <span class='ocrx_word' id='word_1_185' title='bbox 2317 2315 2442 2396; x_wconf 77' lang='lat' dir='ltr'><strong>Qui</strong></span> <span class='ocrx_word' id='word_1_186' title='bbox 2485 2318 2595 2380; x_wconf 71' lang='lat' dir='ltr'><strong>isti</strong></span> <span class='ocrx_word' id='word_1_187' title='bbox 2639 2315 2842 2400; x_wconf 89' lang='lat' dir='ltr'><strong>codd.,</strong></span> <span class='ocrx_word' id='word_1_188' title='bbox 2887 2335 3002 2380; x_wconf 89' lang='lat' dir='ltr'><strong>na·</strong></span> 
     </span>
     <span class='ocr_line' id='line_1_20' title="bbox 614 2420 3004 2510; baseline 0 -23"><span class='ocrx_word' id='word_1_189' title='bbox 614 2429 753 2488; x_wconf 90' lang='lat' dir='ltr'><strong>tum</strong></span> <span class='ocrx_word' id='word_1_190' title='bbox 822 2443 899 2487; x_wconf 87' lang='lat' dir='ltr'><strong>ex</strong></span> <span class='ocrx_word' id='word_1_191' title='bbox 965 2423 1201 2487; x_wconf 87' lang='lat' dir='ltr'><strong>omissa</strong></span> <span class='ocrx_word' id='word_1_192' title='bbox 1261 2420 1541 2510; x_wconf 79' lang='lat' dir='ltr'><strong>syllaba:</strong></span> <span class='ocrx_word' id='word_1_193' title='bbox 1612 2423 1876 2508; x_wconf 77' lang='lat' dir='ltr'><strong>qulslsti</strong></span> <span class='ocrx_word' id='word_1_194' title='bbox 1892 2469 1909 2504; x_wconf 90' lang='lat'><strong>,</strong></span> <span class='ocrx_word' id='word_1_195' title='bbox 1971 2423 2190 2507; x_wconf 69' lang='lat' dir='ltr'><strong>quisti,</strong></span> <span class='ocrx_word' id='word_1_196' title='bbox 2254 2422 2402 2488; x_wconf 92' lang='lat' dir='ltr'><strong>inde</strong></span> <span class='ocrx_word' id='word_1_197' title='bbox 2463 2421 2845 2487; x_wconf 83' lang='lat' dir='ltr'><strong>effinxerunt</strong></span> <span class='ocrx_word' id='word_1_198' title='bbox 2887 2425 3004 2508; x_wconf 78' lang='lat' dir='ltr'><strong>qui</strong></span> 
     </span>
     <span class='ocr_line' id='line_1_21' title="bbox 612 2526 3002 2616; baseline -0.001 -20"><span class='ocrx_word' id='word_1_199' title='bbox 612 2532 754 2608; x_wconf 72' lang='lat' dir='ltr'><strong>isti,</strong></span> <span class='ocrx_word' id='word_1_200' title='bbox 814 2527 981 2615; x_wconf 89' lang='lat' dir='ltr'><strong>quod</strong></span> <span class='ocrx_word' id='word_1_201' title='bbox 1044 2528 1213 2595; x_wconf 89' lang='lat' dir='ltr'><strong>male</strong></span> <span class='ocrx_word' id='word_1_202' title='bbox 1272 2527 1621 2594; x_wconf 87' lang='lat' dir='ltr'><strong>defendunt</strong></span> <span class='ocrx_word' id='word_1_203' title='bbox 1675 2526 1886 2593; x_wconf 89' lang='lat' dir='ltr'><strong>hodie.</strong></span> <span class='ocrx_word' id='word_1_204' title='bbox 1989 2527 2112 2607; x_wconf 72' lang='lat' dir='ltr'><strong>Qui</strong></span> <span class='ocrx_word' id='word_1_205' title='bbox 2155 2530 2321 2616; x_wconf 84' lang='lat' dir='ltr'><strong>sing.</strong></span> <span class='ocrx_word' id='word_1_206' title='bbox 2369 2548 2546 2593; x_wconf 89' lang='lat' dir='ltr'><strong>num.</strong></span> <span class='ocrx_word' id='word_1_207' title='bbox 2595 2527 3002 2594; x_wconf 72' lang='lat' dir='ltr'><strong>substantive</strong></span> 
     </span>
     <span class='ocr_line' id='line_1_22' title="bbox 611 2633 3004 2723; baseline -0.001 -21"><span class='ocrx_word' id='word_1_208' title='bbox 611 2637 893 2723; x_wconf 85' lang='lat' dir='ltr'><strong>positum</strong></span> <span class='ocrx_word' id='word_1_209' title='bbox 954 2638 1022 2701; x_wconf 89' lang='lat' dir='ltr'><strong>in</strong></span> <span class='ocrx_word' id='word_1_210' title='bbox 1084 2636 1579 2722; x_wconf 80' lang='lat' dir='ltr'><strong>interrogatione</strong></span> <span class='ocrx_word' id='word_1_211' title='bbox 1651 2635 1892 2699; x_wconf 89' lang='lat' dir='ltr'><strong>directa</strong></span> <span class='ocrx_word' id='word_1_212' title='bbox 1939 2656 2016 2700; x_wconf 87' lang='lat' dir='ltr'><strong>ex</strong></span> <span class='ocrx_word' id='word_1_213' title='bbox 2063 2633 2364 2699; x_wconf 81' lang='lat' dir='ltr'><strong>Cicerone</strong></span> <span class='ocrx_word' id='word_1_214' title='bbox 2411 2634 2858 2720; x_wconf 88' lang='lat' dir='ltr'><strong>expellendum</strong></span> <span class='ocrx_word' id='word_1_215' title='bbox 2903 2636 3004 2699; x_wconf 80' lang='lat' dir='ltr'><strong>vi-</strong></span> 
     </span>
     <span class='ocr_line' id='line_1_23' title="bbox 614 2738 3000 2828; baseline -0.001 -21"><span class='ocrx_word' id='word_1_216' title='bbox 614 2743 815 2808; x_wconf 88' lang='lat' dir='ltr'><strong>detur.</strong></span> <span class='ocrx_word' id='word_1_217' title='bbox 912 2740 1117 2807; x_wconf 86' lang='lat' dir='ltr'><strong>Verba</strong></span> <span class='ocrx_word' id='word_1_218' title='bbox 1178 2744 1394 2825; x_wconf 89' lang='lat' dir='ltr'><strong>spuria</strong></span> <span class='ocrx_word' id='word_1_219' title='bbox 1440 2754 1623 2828; x_wconf 81' lang='lat' dir='ltr'><strong>atque</strong></span> <span class='ocrx_word' id='word_1_220' title='bbox 1668 2752 1747 2805; x_wconf 78' lang='lat' dir='ltr'><strong>et.</strong></span> <span class='ocrx_word' id='word_1_221' title='bbox 1793 2743 1902 2805; x_wconf 72' lang='lat' dir='ltr'><strong>isti</strong></span> <span class='ocrx_word' id='word_1_222' title='bbox 1945 2743 2007 2805; x_wconf 80' lang='lat' dir='ltr'><strong>d.</strong></span> <span class='ocrx_word' id='word_1_223' title='bbox 2055 2738 2364 2827; x_wconf 81' lang='lat' dir='ltr'><strong>Agroetio</strong></span> <span class='ocrx_word' id='word_1_224' title='bbox 2409 2746 2558 2806; x_wconf 89' lang='lat' dir='ltr'><strong>sunt</strong></span> <span class='ocrx_word' id='word_1_225' title='bbox 2603 2741 3000 2824; x_wconf 86' lang='lat' dir='ltr'><strong>antiquiora,</strong></span> 
     </span>
     <span class='ocr_line' id='line_1_24' title="bbox 614 2845 3000 2932; baseline -0.001 -20"><span class='ocrx_word' id='word_1_226' title='bbox 614 2848 692 2913; x_wconf 82' lang='lat' dir='ltr'><strong>cf.</strong></span> <span class='ocrx_word' id='word_1_227' title='bbox 755 2846 975 2912; x_wconf 88' lang='lat' dir='ltr'><strong>Halm.</strong></span> <span class='ocrx_word' id='word_1_228' title='bbox 1042 2847 1111 2912; x_wconf 90' lang='lat' dir='ltr'><strong>In</strong></span> <span class='ocrx_word' id='word_1_229' title='bbox 1175 2849 1510 2932; x_wconf 87' lang='lat' dir='ltr'><strong>postremis</strong></span> <span class='ocrx_word' id='word_1_230' title='bbox 1570 2870 1696 2911; x_wconf 79' lang='lat' dir='ltr'><strong>non</strong></span> <span class='ocrx_word' id='word_1_231' title='bbox 1759 2866 1947 2910; x_wconf 88' lang='lat' dir='ltr'><strong>suum</strong></span> <span class='ocrx_word' id='word_1_232' title='bbox 2009 2848 2078 2910; x_wconf 91' lang='lat' dir='ltr'><strong>in</strong></span> <span class='ocrx_word' id='word_1_233' title='bbox 2122 2845 2335 2910; x_wconf 90' lang='lat' dir='ltr'><strong>locum</strong></span> <span class='ocrx_word' id='word_1_234' title='bbox 2385 2848 2670 2910; x_wconf 88' lang='lat' dir='ltr'><strong>restituit</strong></span> <span class='ocrx_word' id='word_1_235' title='bbox 2715 2846 3000 2911; x_wconf 83' lang='lat' dir='ltr'><strong>Bakius:</strong></span> 
     </span>
     <span class='ocr_line' id='line_1_25' title="bbox 620 2951 3006 3041; baseline -0 -23"><span class='ocrx_word' id='word_1_236' title='bbox 620 2954 916 3041; x_wconf 79' lang='lat' dir='ltr'><strong>„etiamsi</strong></span> <span class='ocrx_word' id='word_1_237' title='bbox 963 2974 1085 3018; x_wconf 90' lang='lat' dir='ltr'><strong>non</strong></span> <span class='ocrx_word' id='word_1_238' title='bbox 1132 2956 1266 3017; x_wconf 88' lang='lat' dir='ltr'><strong>sine</strong></span> <span class='ocrx_word' id='word_1_239' title='bbox 1312 2951 1446 3017; x_wconf 87' lang='lat' dir='ltr'><strong>ulla</strong></span> <span class='ocrx_word' id='word_1_240' title='bbox 1494 2951 1879 3037; x_wconf 88' lang='lat' dir='ltr'><strong>suspitione,</strong></span> <span class='ocrx_word' id='word_1_241' title='bbox 1931 2957 1997 3017; x_wconf 82' lang='lat' dir='ltr'><strong>at</strong></span> <span class='ocrx_word' id='word_1_242' title='bbox 2043 2954 2176 3017; x_wconf 89' lang='lat' dir='ltr'><strong>sine</strong></span> <span class='ocrx_word' id='word_1_243' title='bbox 2215 2957 2596 3038; x_wconf 82' lang='lat' dir='ltr'><strong>argumento</strong></span> <span class='ocrx_word' id='word_1_244' title='bbox 2633 2952 2786 3035; x_wconf 78' lang='lat' dir='ltr'><strong>(ullo</strong></span> <span class='ocrx_word' id='word_1_245' title='bbox 2821 2952 3006 3017; x_wconf 87' lang='lat' dir='ltr'><strong>addit</strong></span> 
     </span>
     <span class='ocr_line' id='line_1_26' title="bbox 616 3056 3002 3139; baseline -0.002 -14"><span class='ocrx_word' id='word_1_246' title='bbox 616 3059 925 3125; x_wconf 84' lang='lat' dir='ltr'><strong>Wolfenb.</strong></span> <span class='ocrx_word' id='word_1_247' title='bbox 993 3059 1254 3124; x_wconf 81' lang='lat' dir='ltr'><strong>fortasse</strong></span> <span class='ocrx_word' id='word_1_248' title='bbox 1314 3060 1507 3139; x_wconf 89' lang='lat' dir='ltr'><strong>recte)</strong></span> <span class='ocrx_word' id='word_1_249' title='bbox 1558 3056 2003 3123; x_wconf 88' lang='lat' dir='ltr'><strong>maledicere.”</strong></span> <span class='ocrx_word' id='word_1_250' title='bbox 2099 3057 2314 3121; x_wconf 89' lang='lat' dir='ltr'><strong>Libri:</strong></span> <span class='ocrx_word' id='word_1_251' title='bbox 2365 3061 2552 3123; x_wconf 79' lang='lat' dir='ltr'><strong>etiam</strong></span> <span class='ocrx_word' id='word_1_252' title='bbox 2597 3060 2654 3123; x_wconf 77' lang='lat' dir='ltr'><strong>si</strong></span> <span class='ocrx_word' id='word_1_253' title='bbox 2695 3062 2824 3123; x_wconf 70' lang='lat' dir='ltr'><strong>sine</strong></span> <span class='ocrx_word' id='word_1_254' title='bbox 2869 3058 3002 3122; x_wconf 78' lang='lat' dir='ltr'><strong>ulla</strong></span> 
     </span>
     <span class='ocr_line' id='line_1_27' title="bbox 613 3162 3002 3254; baseline -0.002 -22"><span class='ocrx_word' id='word_1_255' title='bbox 613 3190 783 3254; x_wconf 76' lang='lat' dir='ltr'><strong>susp.</strong></span> <span class='ocrx_word' id='word_1_256' title='bbox 853 3177 921 3231; x_wconf 85' lang='lat' dir='ltr'><strong>at</strong></span> <span class='ocrx_word' id='word_1_257' title='bbox 990 3188 1113 3231; x_wconf 80' lang='lat' dir='ltr'><strong>non</strong></span> <span class='ocrx_word' id='word_1_258' title='bbox 1182 3168 1328 3229; x_wconf 75' lang='lat' dir='ltr'><strong>sine.</strong></span> <span class='ocrx_word' id='word_1_259' title='bbox 1422 3162 1497 3227; x_wconf 90' lang='lat' dir='ltr'><strong>In</strong></span> <span class='ocrx_word' id='word_1_260' title='bbox 1560 3184 1751 3248; x_wconf 89' lang='lat' dir='ltr'><strong>quem</strong></span> <span class='ocrx_word' id='word_1_261' title='bbox 1817 3174 2198 3249; x_wconf 78' lang='lat' dir='ltr'><strong>argumenta</strong></span> <span class='ocrx_word' id='word_1_262' title='bbox 2261 3163 2662 3248; x_wconf 85' lang='lat' dir='ltr'><strong>proferantur</strong></span> <span class='ocrx_word' id='word_1_263' title='bbox 2718 3166 2787 3228; x_wconf 89' lang='lat' dir='ltr'><strong>in</strong></span> <span class='ocrx_word' id='word_1_264' title='bbox 2847 3184 3002 3228; x_wconf 89' lang='lat' dir='ltr'><strong>eum</strong></span> 
     </span>
     <span class='ocr_line' id='line_1_28' title="bbox 614 3268 3005 3358; baseline -0.003 -19"><span class='ocrx_word' id='word_1_265' title='bbox 614 3274 885 3358; x_wconf 89' lang='lat' dir='ltr'><strong>suspitio</strong></span> <span class='ocrx_word' id='word_1_266' title='bbox 946 3276 1059 3337; x_wconf 88' lang='lat' dir='ltr'><strong>est.</strong></span> <span class='ocrx_word' id='word_1_267' title='bbox 1120 3270 1195 3336; x_wconf 93' lang='lat' dir='ltr'><strong>In</strong></span> <span class='ocrx_word' id='word_1_268' title='bbox 1252 3292 1437 3354; x_wconf 85' lang='lat' dir='ltr'><strong>eum,</strong></span> <span class='ocrx_word' id='word_1_269' title='bbox 1502 3272 1569 3334; x_wconf 90' lang='lat' dir='ltr'><strong>in</strong></span> <span class='ocrx_word' id='word_1_270' title='bbox 1616 3290 1808 3354; x_wconf 89' lang='lat' dir='ltr'><strong>quem</strong></span> <span class='ocrx_word' id='word_1_271' title='bbox 1857 3270 2064 3334; x_wconf 88' lang='lat' dir='ltr'><strong>adhuc</strong></span> <span class='ocrx_word' id='word_1_272' title='bbox 2111 3268 2290 3334; x_wconf 87' lang='lat' dir='ltr'><strong>nulla</strong></span> <span class='ocrx_word' id='word_1_273' title='bbox 2335 3272 2604 3354; x_wconf 89' lang='lat' dir='ltr'><strong>suspitio</strong></span> <span class='ocrx_word' id='word_1_274' title='bbox 2652 3269 2814 3353; x_wconf 87' lang='lat' dir='ltr'><strong>fuit,</strong></span> <span class='ocrx_word' id='word_1_275' title='bbox 2862 3289 3005 3354; x_wconf 88' lang='lat' dir='ltr'><strong>pos-</strong></span> 
     </span>
     <span class='ocr_line' id='line_1_29' title="bbox 614 3373 3000 3464; baseline -0.003 -19"><span class='ocrx_word' id='word_1_276' title='bbox 614 3385 767 3445; x_wconf 88' lang='lat' dir='ltr'><strong>sunt</strong></span> <span class='ocrx_word' id='word_1_277' title='bbox 822 3398 969 3445; x_wconf 83' lang='lat' dir='ltr'><strong>ssne</strong></span> <span class='ocrx_word' id='word_1_278' title='bbox 1030 3382 1409 3464; x_wconf 82' lang='lat' dir='ltr'><strong>argumenta</strong></span> <span class='ocrx_word' id='word_1_279' title='bbox 1475 3377 1762 3461; x_wconf 88' lang='lat' dir='ltr'><strong>proferri.</strong></span> <span class='ocrx_word' id='word_1_280' title='bbox 1857 3374 1951 3440; x_wconf 86' lang='lat' dir='ltr'><strong>At</strong></span> <span class='ocrx_word' id='word_1_281' title='bbox 2013 3375 2132 3439; x_wconf 91' lang='lat' dir='ltr'><strong>hoc</strong></span> <span class='ocrx_word' id='word_1_282' title='bbox 2193 3373 2380 3439; x_wconf 88' lang='lat' dir='ltr'><strong>aliter</strong></span> <span class='ocrx_word' id='word_1_283' title='bbox 2438 3376 2602 3441; x_wconf 86' lang='lat' dir='ltr'><strong>foret</strong></span> <span class='ocrx_word' id='word_1_284' title='bbox 2659 3379 3000 3441; x_wconf 81' lang='lat' dir='ltr'><strong>enuntian-</strong></span> 
     </span>
     <span class='ocr_line' id='line_1_30' title="bbox 616 3481 3002 3569; baseline -0.002 -18"><span class='ocrx_word' id='word_1_285' title='bbox 616 3485 773 3551; x_wconf 90' lang='lat' dir='ltr'><strong>dum</strong></span> <span class='ocrx_word' id='word_1_286' title='bbox 832 3485 1113 3568; x_wconf 77' lang='lat' dir='ltr'><strong>(etiamsi</strong></span> <span class='ocrx_word' id='word_1_287' title='bbox 1176 3482 1329 3547; x_wconf 90' lang='lat' dir='ltr'><strong>olim</strong></span> <span class='ocrx_word' id='word_1_288' title='bbox 1392 3481 1571 3547; x_wconf 90' lang='lat' dir='ltr'><strong>nulla</strong></span> <span class='ocrx_word' id='word_1_289' title='bbox 1626 3482 1752 3546; x_wconf 87' lang='lat' dir='ltr'><strong>fuit</strong></span> <span class='ocrx_word' id='word_1_290' title='bbox 1811 3483 2116 3566; x_wconf 89' lang='lat' dir='ltr'><strong>suspiti0,</strong></span> <span class='ocrx_word' id='word_1_291' title='bbox 2183 3484 2397 3546; x_wconf 86' lang='lat' dir='ltr'><strong>tamen</strong></span> <span class='ocrx_word' id='word_1_292' title='bbox 2461 3484 2760 3567; x_wconf 78' lang='lat' dir='ltr'><strong>speciosis</strong></span> <span class='ocrx_word' id='word_1_293' title='bbox 2807 3503 3002 3569; x_wconf 79' lang='lat' dir='ltr'><strong>argu-</strong></span> 
     </span>
     <span class='ocr_line' id='line_1_31' title="bbox 614 3585 3002 3675; baseline -0.001 -19"><span class='ocrx_word' id='word_1_294' title='bbox 614 3592 851 3656; x_wconf 86' lang='lat' dir='ltr'><strong>mentis</strong></span> <span class='ocrx_word' id='word_1_295' title='bbox 912 3590 1061 3675; x_wconf 90' lang='lat' dir='ltr'><strong>uti).</strong></span> <span class='ocrx_word' id='word_1_296' title='bbox 1130 3626 1211 3637; x_wconf 95' lang='lat'><em>-</em></span> <span class='ocrx_word' id='word_1_297' title='bbox 1276 3588 1433 3653; x_wconf 87' lang='lat' dir='ltr'><strong>Mox</strong></span> <span class='ocrx_word' id='word_1_298' title='bbox 1478 3589 1515 3671; x_wconf 76' lang='lat'>§</span> <span class='ocrx_word' id='word_1_299' title='bbox 1562 3587 1603 3653; x_wconf 90' lang='grc'><strong>9</strong></span> <span class='ocrx_word' id='word_1_300' title='bbox 1652 3588 1771 3652; x_wconf 90' lang='lat' dir='ltr'><strong>sub</strong></span> <span class='ocrx_word' id='word_1_301' title='bbox 1818 3585 2006 3653; x_wconf 89' lang='lat' dir='ltr'><strong>finem</strong></span> <span class='ocrx_word' id='word_1_302' title='bbox 2060 3586 2220 3663; x_wconf 87' lang='lat' dir='ltr'><strong>„hoc</strong></span> <span class='ocrx_word' id='word_1_303' title='bbox 2269 3587 2476 3652; x_wconf 86' lang='lat' dir='ltr'><strong>dicam</strong></span> <span class='ocrx_word' id='word_1_304' title='bbox 2526 3587 2696 3654; x_wconf 89' lang='lat' dir='ltr'><strong>hunc</strong></span> <span class='ocrx_word' id='word_1_305' title='bbox 2739 3608 2777 3653; x_wconf 91' lang='lat' dir='ltr'><strong>a</strong></span> <span class='ocrx_word' id='word_1_306' title='bbox 2823 3595 3002 3674; x_wconf 87' lang='lat' dir='ltr'><strong>patre</strong></span> 
     </span>
     <span class='ocr_line' id='line_1_32' title="bbox 616 3692 3002 3763; baseline -0.001 0"><span class='ocrx_word' id='word_1_307' title='bbox 616 3699 913 3763; x_wconf 85' lang='lat' dir='ltr'><strong>continuo</strong></span> <span class='ocrx_word' id='word_1_308' title='bbox 974 3696 1053 3761; x_wconf 88' lang='lat' dir='ltr'><strong>ad</strong></span> <span class='ocrx_word' id='word_1_309' title='bbox 1116 3716 1219 3760; x_wconf 88' lang='lat' dir='ltr'><strong>me</strong></span> <span class='ocrx_word' id='word_1_310' title='bbox 1282 3716 1419 3759; x_wconf 89' lang='lat' dir='ltr'><strong>esse</strong></span> <span class='ocrx_word' id='word_1_311' title='bbox 1466 3692 1854 3761; x_wconf 88' lang='lat' dir='ltr'><strong>deductum”</strong></span> <span class='ocrx_word' id='word_1_312' title='bbox 1903 3692 2112 3757; x_wconf 89' lang='lat' dir='ltr'><strong>omnis</strong></span> <span class='ocrx_word' id='word_1_313' title='bbox 2161 3693 2260 3758; x_wconf 83' lang='lat' dir='ltr'><strong>vis</strong></span> <span class='ocrx_word' id='word_1_314' title='bbox 2309 3696 2654 3759; x_wconf 80' lang='lat' dir='ltr'><strong>sententiae</strong></span> <span class='ocrx_word' id='word_1_315' title='bbox 2703 3700 2800 3760; x_wconf 86' lang='lat' dir='ltr'><strong>est</strong></span> <span class='ocrx_word' id='word_1_316' title='bbox 2843 3697 2912 3760; x_wconf 89' lang='lat' dir='ltr'><strong>in</strong></span> <span class='ocrx_word' id='word_1_317' title='bbox 2957 3720 3002 3761; x_wconf 88' lang='lat' dir='ltr'><strong><em>a</em></strong></span> 
     </span>
     <span class='ocr_line' id='line_1_33' title="bbox 607 3798 3002 3893; baseline -0.002 -24"><span class='ocrx_word' id='word_1_318' title='bbox 607 3816 831 3893; x_wconf 78' lang='lat' dir='ltr'><strong>patre:</strong></span> <span class='ocrx_word' id='word_1_319' title='bbox 894 3799 1060 3867; x_wconf 89' lang='lat' dir='ltr'><strong>nihil</strong></span> <span class='ocrx_word' id='word_1_320' title='bbox 1123 3800 1333 3867; x_wconf 88' lang='lat' dir='ltr'><strong>dicam</strong></span> <span class='ocrx_word' id='word_1_321' title='bbox 1394 3800 1471 3864; x_wconf 89' lang='lat' dir='ltr'><strong>de</strong></span> <span class='ocrx_word' id='word_1_322' title='bbox 1519 3821 1660 3883; x_wconf 90' lang='lat' dir='ltr'><strong>me,</strong></span> <span class='ocrx_word' id='word_1_323' title='bbox 1707 3821 1832 3864; x_wconf 90' lang='lat' dir='ltr'><strong>non</strong></span> <span class='ocrx_word' id='word_1_324' title='bbox 1878 3800 2102 3885; x_wconf 82' lang='lat' dir='ltr'><strong>magni</strong></span> <span class='ocrx_word' id='word_1_325' title='bbox 2149 3798 2340 3864; x_wconf 82' lang='lat' dir='ltr'><strong>refert</strong></span> <span class='ocrx_word' id='word_1_326' title='bbox 2386 3799 2466 3864; x_wconf 81' lang='lat' dir='ltr'><strong>ad</strong></span> <span class='ocrx_word' id='word_1_327' title='bbox 2513 3820 2618 3865; x_wconf 88' lang='lat' dir='ltr'><strong>me</strong></span> <span class='ocrx_word' id='word_1_328' title='bbox 2669 3821 2804 3867; x_wconf 88' lang='lat' dir='ltr'><strong>esse</strong></span> <span class='ocrx_word' id='word_1_329' title='bbox 2849 3818 3002 3865; x_wconf 88' lang='lat' dir='ltr'><strong>eum</strong></span> 
     </span>
     <span class='ocr_line' id='line_1_34' title="bbox 616 3903 3003 3994; baseline -0.002 -19"><span class='ocrx_word' id='word_1_330' title='bbox 616 3910 961 3975; x_wconf 88' lang='lat' dir='ltr'><strong>deductum</strong></span> <span class='ocrx_word' id='word_1_331' title='bbox 982 3955 1001 3985; x_wconf 94' lang='lat'><strong>,</strong></span> <span class='ocrx_word' id='word_1_332' title='bbox 1061 3907 1170 3972; x_wconf 88' lang='lat' dir='ltr'><strong>sed</strong></span> <span class='ocrx_word' id='word_1_333' title='bbox 1232 3932 1273 3972; x_wconf 87' lang='lat' dir='ltr'><strong><em>a</em></strong></span> <span class='ocrx_word' id='word_1_334' title='bbox 1329 3919 1515 3994; x_wconf 76' lang='lat' dir='ltr'><strong>patre</strong></span> <span class='ocrx_word' id='word_1_335' title='bbox 1574 3904 1723 3990; x_wconf 89' lang='lat' dir='ltr'><strong>est’&#39;,</strong></span> <span class='ocrx_word' id='word_1_336' title='bbox 1773 3924 1964 3991; x_wconf 89' lang='lat' dir='ltr'><strong>quare</strong></span> <span class='ocrx_word' id='word_1_337' title='bbox 2012 3904 2223 3991; x_wconf 81' lang='lat' dir='ltr'><strong>magis</strong></span> <span class='ocrx_word' id='word_1_338' title='bbox 2271 3903 2482 3989; x_wconf 84' lang='lat' dir='ltr'><strong>placet</strong></span> <span class='ocrx_word' id='word_1_339' title='bbox 2526 3904 2632 3971; x_wconf 89' lang='lat' dir='ltr'><strong>hic</strong></span> <span class='ocrx_word' id='word_1_340' title='bbox 2678 3904 2865 3972; x_wconf 89' lang='lat' dir='ltr'><strong>ordo:</strong></span> <span class='ocrx_word' id='word_1_341' title='bbox 2923 3926 3003 3989; x_wconf 82' lang='lat' dir='ltr'><strong>„a</strong></span> 
     </span>
     <span class='ocr_line' id='line_1_35' title="bbox 614 4010 1069 4101; baseline -0.007 -21"><span class='ocrx_word' id='word_1_342' title='bbox 614 4020 795 4101; x_wconf 83' lang='lat' dir='ltr'><strong>patre</strong></span> <span class='ocrx_word' id='word_1_343' title='bbox 840 4010 1069 4079; x_wconf 87' lang='lat' dir='ltr'><strong>hunc.&#39;&#39;</strong></span> 
     </span>
    </p>

    <p class='ocr_par' dir='ltr' id='par_1_5' title="bbox 614 4116 3003 4511">
     <span class='ocr_line' id='line_1_36' title="bbox 711 4116 3003 4205; baseline -0.002 -19"><span class='ocrx_word' id='word_1_344' title='bbox 711 4121 817 4187; x_wconf 87' lang='lat'><strong>10.</strong></span> <span class='ocrx_word' id='word_1_345' title='bbox 879 4120 1001 4199; x_wconf 92' lang='lat' dir='ltr'><strong>„ad</strong></span> <span class='ocrx_word' id='word_1_346' title='bbox 1060 4138 1250 4204; x_wconf 87' lang='lat' dir='ltr'><strong>quem</strong></span> <span class='ocrx_word' id='word_1_347' title='bbox 1310 4116 1708 4205; x_wconf 76' lang='lat' dir='ltr'><strong>(Catilinam)</strong></span> <span class='ocrx_word' id='word_1_348' title='bbox 1771 4118 1827 4182; x_wconf 89' lang='lat' dir='ltr'><strong>si</strong></span> <span class='ocrx_word' id='word_1_349' title='bbox 1890 4118 2156 4182; x_wconf 85' lang='lat' dir='ltr'><strong>accessit</strong></span> <span class='ocrx_word' id='word_1_350' title='bbox 2211 4124 2324 4183; x_wconf 89' lang='lat' dir='ltr'><strong>aut</strong></span> <span class='ocrx_word' id='word_1_351' title='bbox 2369 4119 2426 4183; x_wconf 89' lang='lat' dir='ltr'><strong>si</strong></span> <span class='ocrx_word' id='word_1_352' title='bbox 2475 4138 2512 4183; x_wconf 84' lang='lat' dir='ltr'><strong>s</strong></span> <span class='ocrx_word' id='word_1_353' title='bbox 2557 4139 2666 4184; x_wconf 89' lang='lat' dir='ltr'><strong>me</strong></span> <span class='ocrx_word' id='word_1_354' title='bbox 2711 4118 3003 4185; x_wconf 84' lang='lat' dir='ltr'><strong>discessit</strong></span> 
     </span>
     <span class='ocr_line' id='line_1_37' title="bbox 616 4221 3000 4313; baseline -0.003 -19"><span class='ocrx_word' id='word_1_355' title='bbox 616 4248 954 4313; x_wconf 74' lang='lat' dir='ltr'><strong>umquam,</strong></span> <span class='ocrx_word' id='word_1_356' title='bbox 978 4244 1389 4311; x_wconf 66' lang='lat' dir='ltr'><strong>quamquam</strong></span> <span class='ocrx_word' id='word_1_357' title='bbox 1430 4223 1623 4288; x_wconf 88' lang='lat' dir='ltr'><strong>multi</strong></span> <span class='ocrx_word' id='word_1_358' title='bbox 1666 4222 1816 4288; x_wconf 89' lang='lat' dir='ltr'><strong>boni</strong></span> <span class='ocrx_word' id='word_1_359' title='bbox 1858 4221 2292 4289; x_wconf 85' lang='lat' dir='ltr'><strong>adulescentes</strong></span> <span class='ocrx_word' id='word_1_360' title='bbox 2329 4222 2431 4289; x_wconf 89' lang='lat' dir='ltr'><strong>illi</strong></span> <span class='ocrx_word' id='word_1_361' title='bbox 2451 4223 2703 4289; x_wconf 88' lang='lat' dir='ltr'><strong>homini</strong></span> <span class='ocrx_word' id='word_1_362' title='bbox 2722 4244 3000 4308; x_wconf 89' lang='lat' dir='ltr'><strong>nequam</strong></span> 
     </span>
     <span class='ocr_line' id='line_1_38' title="bbox 616 4328 3002 4420; baseline -0.003 -19"><span class='ocrx_word' id='word_1_363' title='bbox 616 4342 805 4420; x_wconf 87' lang='lat' dir='ltr'><strong>atque</strong></span> <span class='ocrx_word' id='word_1_364' title='bbox 848 4333 1139 4417; x_wconf 88' lang='lat' dir='ltr'><strong>improbo</strong></span> <span class='ocrx_word' id='word_1_365' title='bbox 1186 4330 1603 4413; x_wconf 88' lang='lat' dir='ltr'><strong>studuerunt,</strong></span> <span class='ocrx_word' id='word_1_366' title='bbox 1655 4333 1872 4393; x_wconf 83' lang='lat' dir='ltr'><strong>tamen</strong></span> <span class='ocrx_word' id='word_1_367' title='bbox 1919 4332 2327 4395; x_wconf 83' lang='lat' dir='ltr'><strong>existimetur</strong></span> <span class='ocrx_word' id='word_1_368' title='bbox 2373 4328 2630 4397; x_wconf 83' lang='lat' dir='ltr'><strong>Caelius</strong></span> <span class='ocrx_word' id='word_1_369' title='bbox 2685 4328 3002 4397; x_wconf 84' lang='lat' dir='ltr'><strong>Catilinae</strong></span> 
     </span>
     <span class='ocr_line' id='line_1_39' title="bbox 614 4435 1593 4511; baseline -0.011 -3"><span class='ocrx_word' id='word_1_370' title='bbox 614 4443 895 4511; x_wconf 83' lang='lat' dir='ltr'><strong>nimium</strong></span> <span class='ocrx_word' id='word_1_371' title='bbox 944 4437 1281 4503; x_wconf 84' lang='lat' dir='ltr'><strong>familiaris</strong></span> <span class='ocrx_word' id='word_1_372' title='bbox 1330 4435 1593 4501; x_wconf 83' lang='lat' dir='ltr'><strong>t&#39;uisse.’&#39;</strong></span> 
     </span>
    </p>
   </div>
  </div>
 </body>
</html>
