3369 5142
555 358 642 431 70
1547 376 1973 432 τισαυππε.

552 559 903 618 HeHcAN
965 553 1131 617 inter
1191 572 1260 618 se
1319 556 1679 638 permutata
1740 554 2016 639 videbis)
2076 558 2141 618 et
2187 553 2585 640 Thucydidis
2632 554 2948 621 sententia

549 662 913 725 restituitur
957 663 1022 723 et
1067 678 1286 724 omnes
1332 659 1664 725 molestiae
1711 667 2139 725 removentur.
2219 659 2388 740 Quid
2435 666 2531 726 est
2576 663 2748 727 enim
2798 682 2947 747 sup-

553 764 858 850 plendum
921 766 985 828 iu
1045 765 1150 828 οὐκ
1195 764 1272 828 ἂν
1321 764 1712 844 ἐτειχίσαντο
1761 766 1829 829 τὸ
1875 764 2072 844 ἔρυμα
2120 768 2171 830 εἰ
2222 766 2310 843 μή
2362 804 2445 815 -
2497 773 2721 833 utrum
2769 766 2945 847 ἕκροέ·

554 894 752 947 τησοιν
813 891 894 936 an
953 867 1414 951 ἕκροιτήθησικνΐ
1472 869 1566 935 At
1627 870 1792 935 illud
1853 873 2113 956 quidem
2175 873 2526 937 absurdum
2594 879 2723 938 est:
2791 874 2946 959 quid

554 979 729 1043 enim
790 978 1100 1043 attinebat
1162 975 1334 1044 vallo
1395 983 1461 1048 et
1520 977 1687 1041 fossa
1749 984 1953 1043 castra
2016 982 2269 1044 munire
2333 999 2533 1063 quum
2580 1000 2658 1045 ex
2704 980 2943 1065 proelio

552 1086 904 1169 superiores
961 1081 1432 1150 discessissent?
1493 1084 1650 1149 Post
1710 1089 2036 1169 acceptam
2099 1084 2347 1151 cladem
2407 1087 2511 1150 his
2568 1090 2703 1151 erat
2746 1106 2904 1171 opus
2924 1136 2941 1170 ,

919 1189 1009 1265 μή
1059 1192 1198 1253 ποτ’
1245 1190 1530 1272 ἐπιβρίσῃ
1578 1188 1852 1269 πόλεμος
1898 1196 2117 1271 Τρώων
2162 1194 2519 1271 ἀγερώχων.

553 1297 889 1363 Praeterea
949 1296 1104 1380 quid
1161 1302 1257 1362 est
1315 1298 1521 1372 ἐπειδὴ
1587 1297 1934 1376 ἐκράτησαν
1984 1336 2065 1347 -
2112 1298 2441 1377 Φαίνονται
2506 1300 2624 1364 οὐδ’
2667 1300 2934 1364 ἐνταῦθα

551 1404 724 1485 πάσῃ
782 1410 861 1484 τῇ
918 1400 1170 1480 δυνάμει
1231 1400 1652 1482 χρησάμενοιΐ
1700 1402 1904 1469 Victis
1950 1424 2107 1490 opus
2154 1411 2322 1482 erat,
2374 1424 2498 1471 non
2544 1406 2937 1489 victoribuS,

551 1511 764 1594 copias
809 1509 1090 1593 undique
1136 1509 1503 1575 contrahere
1549 1516 1613 1574 et
1657 1512 1813 1575 totis
1858 1512 2105 1576 viribus
2152 1512 2221 1574 in
2265 1511 2517 1577 hostem
2566 1514 2687 1576 uti.

637 1615 1042 1701 Thucydides
1107 1622 1326 1681 autem
1394 1616 1513 1680 hoc
1573 1618 1714 1702 agit
1774 1622 1849 1681 ut
1912 1617 2302 1682 demonstret
2362 1622 2609 1703 partem
2686 1622 2934 1683 tantum

550 1718 781 1787 Graeci
849 1722 1159 1787 exercitus
1232 1720 1398 1787 bello
1468 1724 1780 1787 intentam
1845 1722 2043 1788 fuisse
2058 1772 2075 1805 ‚
2139 1722 2413 1807 reliquos
2477 1728 2589 1788 aut
2634 1744 2821 1811 agros
2866 1726 2935 1787 in

550 1824 936 1893 Chersoneso
1005 1826 1274 1893 coluisse
1343 1832 1457 1893 aut
1515 1830 1584 1892 in
1644 1827 1862 1893 hostili
1923 1849 2077 1915 agro
2138 1828 2399 1913 praedas
2455 1832 2662 1917 egisse
2679 1876 2695 1907 ,
2747 1833 2812 1894 et
2856 1849 2937 1893 ne

551 1940 695 2020 post
756 1932 1002 1999 cladem
1048 1933 1308 2017 quidem
1353 1938 1675 2018 acceptam
1722 1936 2051 2000 universos
2098 1934 2392 2017 (ἀθρόους)
2438 1936 2508 1998 in
2552 1954 2757 1999 unum
2805 1954 2939 1999 esse

552 2045 936 2107 contractos:
1002 2040 1168 2124 quod
1224 2041 1279 2103 si
1328 2037 1465 2104 fieri
1511 2042 1824 2124 potuisset
1866 2040 2078 2123 ῥᾳδίως
2125 2039 2201 2105 ἂν
2251 2041 2512 2127 (inquit)
2561 2039 2752 2120 μάχη
2798 2064 2940 2120 κραι-

551 2150 830 2219 τοῦντες,
907 2145 1222 2228 πολιορκίᾳ
1282 2145 1334 2209 δ’
1398 2143 1474 2209 ἂν
1541 2146 2082 2227 προσκαθεζόμενοι
2146 2147 2208 2210 ἐν
2270 2146 2557 2211 ἐλάσσονί
2616 2170 2687 2212 τε
2736 2147 2931 2227 χρόνῳ

551 2254 657 2318 καὶ
707 2250 1079 2331 ἀπονώτερον
1127 2255 1237 2325 την
1283 2251 1508 2330 Τροίαν
1553 2246 1733 2315 εἷλον.
1827 2250 2000 2317 Hinc
2048 2254 2253 2338 igitur
2300 2250 2708 2339 Thucydides
2756 2252 2935 2320 colli·

553 2362 656 2446 git
713 2362 824 2434 την
885 2359 1180 2438 epar-slav
1245 2356 1471 2432 ἐκείνην
1522 2356 1629 2445 (ad
1677 2356 1961 2443 Troiam)
2007 2359 2277 2436 μεγίςην
2324 2359 2439 2435 μὲν
2483 2360 2771 2434 γενέσθαι
2822 2366 2939 2424 τῶν

558 2466 672 2546 πρὸ
721 2466 950 2544 αὐτῆς,
999 2464 1367 2543 λειπομένην
1414 2464 1474 2528 δὲ
1521 2471 1637 2529 τῶν
1688 2468 1809 2529 νῦν.

645 2570 724 2637 In
769 2570 888 2638 hoc
933 2593 1180 2657 quoque
1224 2571 1362 2638 loco
1405 2570 1715 2637 mendum
1762 2566 1999 2655 duplex
2043 2574 2328 2657 suspicor
2371 2569 2587 2639 latere.
2636 2577 2741 2640 οὐκ
2805 2568 2935 2652 οὖν,

555 2682 804 2764 inquit,
852 2683 1099 2747 ἀπιςεῒν
1147 2679 1301 2751 εἰκὸς
1352 2715 1435 2727 --
1486 2677 1745 2758 νομίζειν
1794 2676 1856 2741 δὲ
1905 2680 2015 2752 την
2061 2680 2357 2759 ςρκτείοιν
2404 2682 2630 2756 ἐκείνην
2670 2683 2941 2760 μεγΙςην

559 2785 675 2864 μὲν
736 2785 1020 2863 γενέσθαι
1081 2787 1197 2849 τῶν
1259 2783 1371 2864 πρὸ
1435 2784 1666 2866 αὐτῆς,
1714 2783 2080 2862 λειπομένην
2124 2784 2188 2849 δὲ
2236 2792 2352 2850 τῶν
2402 2791 2499 2851 νῦν
2546 2796 2623 2869 τῇ
2670 2788 2941 2867 Ὀμήρου

553 2889 633 2959 αὖ
697 2891 931 2964 ποιήσει
996 2889 1054 2955 εἴ
1108 2914 1167 2956 τι
1232 2893 1356 2970 χρη
1413 2889 2095 2966 κᾶντοιῦθοι-πιςεύειν,
2147 2889 2215 2966 ἣν
2262 2892 2419 2966 εἷκὸς
2469 2894 2569 2958 ἐπὶ
2618 2895 2687 2960 τὸ
2736 2892 2944 2974 μεῖζον

553 2999 668 3076 μὲν
714 2999 964 3072 ποιητὴν
1008 2995 1156 3061 ὄντα
1196 3003 1535 3074 κοσμῆσαι,
1582 2991 1743 3073 ὅμως
1784 2997 1847 3061 δὲ
1886 2997 2184 3078 φαίνεται
2224 2999 2329 3064 καὶ
2373 2997 2558 3071 οὕτως
2586 2999 2940 3080 &wassein-

550 3102 844 3178 πεποίηκε
905 3103 1032 3183 γάρ
1092 3103 1220 3168 κτὲ.
1282 3101 1374 3167 Ut
1434 3103 1588 3168 haec
1631 3101 1917 3189 intelligi
1982 3106 2223 3188 possint
2271 3110 2336 3168 et
2380 3109 2549 3167 recte
2595 3104 2767 3168 dicta
2813 3109 2944 3169 sint

549 3229 664 3294 pro
736 3206 801 3284 ἥν
863 3209 1292 3293 reponendum
1359 3216 1482 3274 est:
1544 3209 1699 3273 “oN
1761 3211 1919 3281 εἰκὸς
1984 3211 2084 3274 ἐπὶ
2149 3209 2218 3273 τὸ
2265 3205 2471 3288 μεῖζον
2520 3210 2633 3286 μὲν
2682 3211 2935 3284 ποιητὴν

548 3315 696 3381 ὄντα
755 3323 1088 3392 κοσμῆσαι.
1184 3315 1540 3381 Pronomen
1607 3313 1674 3391 ἦν
1720 3315 2001 3381 referunt
2048 3317 2127 3380 ad
2176 3315 2286 3387 την
2332 3315 2626 3394 epm-stau
2668 3316 2933 3400 ἐκείνην,

549 3422 658 3488 sed
707 3423 806 3488 vis
851 3423 1006 3486 haec
1054 3421 1312 3505 quidem
1360 3427 1456 3486 est
1495 3421 1675 3486 nullo
1715 3422 1905 3487 modo
1944 3420 2217 3486 ferenda.
2311 3420 2647 3488 Praeterea
2686 3426 2937 3498 ποιητὴν

541 3530 820 3593 ''ONTA
881 3533 1025 3592 tum
1088 3527 1350 3593 demum
1395 3533 1564 3593 recte
1611 3533 1676 3593 et
1728 3527 1945 3592 ordine
1992 3526 2234 3591 dictum
2284 3527 2407 3591 erit
2448 3531 2503 3592 si
2551 3533 2665 3594 aut
2708 3548 2941 3595 nomen

551 3634 680 3715 (τὸν
720 3633 1020 3718 Ὅμηρον)
1072 3639 1183 3698 aut
1229 3654 1570 3718 pronomen
1620 3630 1737 3720 (ὅν)
1783 3635 2116 3718 participio
2162 3631 2309 3698 ὄντα
2350 3635 2763 3720 responderit.
2802 3635 2942 3700 Aut

551 3742 722 3806 enim
794 3738 1135 3803 dicendum
1205 3745 1302 3803 est
1369 3738 1397 3801 ό
1468 3741 1721 3812 ποιητὴς
1790 3739 1890 3803 ἐπὶ
1965 3740 2035 3803 τὸ
2105 3736 2315 3820 μεῖζον
2386 3739 2762 3819 ἐκόσμησεν,
2828 3746 2943 3807 aut

545 3848 820 3925 Ὅμηρος
870 3847 1120 3919 ποιητὴς
1168 3845 1244 3909 ὢν
1293 3842 1649 3923 ἐκόσμησεν.
1748 3843 1869 3910 Sed
1920 3845 2163 3910 factum
2212 3849 2308 3911 est
2355 3847 2522 3930 quod
2569 3846 2829 3926 assolet,
2876 3854 2943 3912 et

549 3972 896 4039 pronomen
941 3952 1018 4014 ad
1063 3953 1428 4034 proximum
1477 3954 1709 4027 ποιήσει
1760 3951 2341 4016 accommodarunt.

640 4057 882 4124 Eodem
929 4055 1119 4120 modo
1167 4057 1332 4120 dixit
1377 4056 1426 4121 Ῑ.
1480 4060 1589 4144 21,
1636 4060 1710 4130 ὥς
1762 4055 2010 4131 ποιηταὶ
2063 4058 2367 4135 ὑμνήκασι
2416 4059 2550 4139 περὶ
2592 4061 2796 4126 αὐτῶν
2836 4061 2936 4126 ἐπὶ

556 4164 625 4230 τὸ
673 4163 881 4245 μεῖζον
928 4167 1318 4239 κοσμοῦντες.

640 4270 986 4354 Reliquum
1056 4274 1152 4333 est
1218 4268 1524 4333 mendum
1588 4271 1655 4334 in
1720 4267 1975 4335 ultimis
2031 4271 2279 4339 verbisz
2324 4269 2487 4351 ὅμως
2536 4271 2597 4338 δὲ
2644 4273 2941 4354 φαίνεται

551 4378 655 4443 καὶ
706 4373 891 4448 οὕτως
939 4373 1270 4457 ἐνδεεςέροι.
1317 4372 1739 4441 Herwerden:
1794 4376 2115 4459 „Praestat
2140 4380 2424 4463 sortasse
2470 4379 2574 4443 xa>
2624 4376 2767 4452 c'o'css’
2826 4381 2947 4447 As·

543 4485 815 4568 sentior,
863 4482 975 4548 sed
1019 4483 1250 4548 vitiose
1297 4482 1775 4568 coniunguntur
1818 4479 1981 4562 ὅμως
2030 4489 2094 4551 et
2142 4484 2243 4551 xa>
2292 4481 2392 4557 ὦς.
2438 4484 2663 4570 Itaque
2708 4509 2937 4554 verum
