3369 5142
602 278 733 346 296
1588 300 2014 349 mmmmm.

604 473 898 552 παρόντος
972 478 1106 556 [τοῦ
1170 481 1285 538 τῶν
1352 472 1880 558 Λακεδαιμονίων]
1939 476 2231 551 Ἀγιδος,
2284 466 2346 547 ὃς
2395 475 2502 537 οὐκ
2553 474 2619 537 ἐκ
2668 470 2976 554 παρέργου

603 584 705 648 τὸν
769 582 1040 657 πόλεμον
1103 582 1379 657 ἐποιεῖτο,
1446 580 1718 657 μεγάλα
1762 582 1814 643 οἱ
1863 578 2181 655 Ἀθηναῖοι
2231 580 2642 658 ἐβλάπτοντο.
2738 580 2834 645 Ex
2883 601 2976 645 se-

604 690 901 773 quiorum
962 678 1413 753 consuetudine
1473 690 1566 750 ita
1622 684 1869 750 librarii
1917 686 2240 772 scripsisse
2282 686 2578 751 videntur
2623 706 2736 772 pro
2784 710 2876 751 πο
2896 686 2978 750 τὲ

603 796 717 870 μὲν
776 832 850 843 -
902 796 1100 859 ποτὲ
1176 792 1275 877 δέ,
1346 814 1471 859 non
1540 792 1726 857 aliter
1798 813 1991 877 quam
2060 794 2164 858 hie
2231 793 2365 858 illie
2436 790 2472 873 ἦ
2530 795 2644 870 μὲν
2697 830 2778 841 -
2829 789 2866 873 ᾗ
2916 791 2981 856 δέ

606 900 915 965 dederunt
983 921 1096 985 pro
1154 925 1238 983 πη
1306 902 1418 977 μὲν
1485 936 1565 947 -
1632 924 1716 978 πη
1787 898 1846 961 δὲ
1922 902 2024 985 (τῇ
2095 901 2206 976 μὲν
2273 937 2353 947 -
2419 910 2492 979 τῇ
2567 901 2680 985 δέ),
2751 896 2795 964 ἃ
2869 902 2980 975 μὲν

612 1044 693 1055 -
765 1004 808 1071 ἃ
883 1007 945 1070 δὲ
1020 1028 1133 1091 pro
1207 1006 1293 1071 τα
1362 1008 1474 1083 μὲν
1546 1042 1627 1053 -
1701 1006 1787 1069 τὰ
1856 1006 1954 1088 δὲ,
2027 1006 2152 1071 alia
2221 1006 2552 1071 eiusmodi.
2647 1005 2984 1071 Praeterea

605 1121 895 1198 suspecta
980 1113 1181 1178 habeo
1265 1133 1425 1198 quae
1495 1115 1663 1197 sepsi
1730 1114 2001 1177 uncinis.
2095 1112 2218 1178 Pro
2288 1121 2398 1187 τῆς
2470 1111 2543 1177 ἵσ
2567 1138 2600 1187 η
2621 1138 2650 1184 ς
2723 1114 2982 1192 Φρουροῖς

606 1217 846 1302 (Schol.
922 1228 1031 1292 τῆς
1118 1218 1511 1296 τεταγμένης
1584 1218 1883 1305 δηλονότι)
1956 1219 2124 1304 quod
2193 1222 2466 1304 permire
2535 1220 2780 1283 dietum
2851 1223 2986 1295 est,

610 1346 734 1390 non
803 1327 972 1390 male
1042 1325 1247 1392 Stahl.
1320 1328 1587 1391 coniecit
1654 1334 1765 1396 τῆς
1837 1327 1961 1390 ἀεὶ
2032 1328 2266 1400 οὔσης
2335 1330 2636 1406 φρουροῖς,
2698 1328 2754 1390 si
2817 1330 2983 1391 recte

607 1432 709 1496 καὶ
775 1435 1065 1497 πλειόνων
1128 1432 1503 1519 intelligunt
1548 1433 1758 1515 plures
1819 1454 1991 1515 quam
2031 1433 2099 1495 in
2134 1434 2445 1515 praesidio
2492 1440 2696 1496 essent.
2747 1432 2838 1497 At
2883 1432 2984 1495 his

614 1538 829 1623 plures
892 1542 958 1603 in
1019 1541 1237 1604 Attica
1291 1540 1501 1605 hostes
1562 1538 1759 1603 fuisse
1825 1538 2145 1621 probabile
2185 1559 2309 1603 non
2356 1546 2452 1603 est
2493 1543 2746 1624 propter
2792 1538 2986 1603 verba

608 1644 672 1731 (ὃ
737 1644 805 1733 3)
876 1642 1077 1724 ὕςερον
1145 1646 1207 1710 δὲ
1278 1650 1565 1726 Φρουραῖς
1640 1646 1764 1707 άπὸ
1835 1651 1952 1707 τῶν
2017 1646 2252 1710 πόλεων
2314 1646 2530 1710 κατὰ
2593 1644 2980 1723 διαδοχὴν

613 1752 861 1836 [χρόνον
932 1759 1044 1817 aut
1112 1750 1251 1816 dele
1322 1759 1434 1815 aut
1502 1750 1705 1815 scribe
1768 1750 1894 1815 διὰ,
1953 1752 2195 1838 χρόνον]
2266 1753 2576 1823 ἐπιούσαις
2635 1760 2711 1832 τῇ
2768 1749 2979 1832 χώρᾳ,

609 1860 899 1939 ἐπῳκεῖτο
974 1857 1317 1943 (Decelea),
1390 1864 1455 1922 et
1525 1857 1677 1942 quid
1746 1858 1864 1922 hoc
1928 1866 2024 1922 est
2085 1858 2250 1943 quod
2314 1862 2456 1922 κατ’
2519 1857 2799 1935 ἀνάγκην
2857 1876 2980 1921 non

595 1966 836 2051 plures,
903 1971 979 2028 ut
1023 1967 1163 2029 iure
1210 1969 1498 2049 expectes
1520 2013 1535 2037 ,
1586 1964 1694 2027 sed
1735 1970 2043 2047 pauciores
2089 1985 2316 2051 agrum
2363 1965 2660 2029 Atticum
2709 1964 2982 2048 depopu-

603 2070 723 2135 lari
792 2068 1125 2135 dicuntur?
1172 2070 1395 2135 Nonne
1443 2069 1547 2133 καὶ
1597 2069 1872 2142 πλείονες
1923 2069 2210 2136 absolute
2257 2071 2502 2135 dietum
2554 2092 2686 2135 esse
2730 2072 2978 2156 potuit,

608 2183 680 2241 ut
718 2175 1122 2263 intelligatur
1166 2178 1263 2239 vel
1290 2176 1503 2258 plures
1548 2175 1814 2259 (solito),
1863 2178 1908 2241 i.
1941 2197 1994 2241 e.
2044 2184 2138 2239 sat
2183 2178 2354 2240 multa·
2371 2205 2398 2251 ;
2443 2182 2554 2240 aut
2601 2179 2655 2240 si
2702 2175 2818 2241 hoe
2857 2196 2980 2239 non

605 2282 930 2359 admittis,
997 2288 1139 2365 post
1207 2283 1310 2344 καὶ
1369 2282 1658 2345 πλειόνων
1720 2282 2005 2347 excidere
2052 2284 2154 2345 καὶ
2205 2280 2587 2346 ἐλασσόνωνῗ
2634 2282 2732 2346 Ita
2777 2281 2980 2346 facilis

604 2386 799 2451 fuerit
848 2390 1019 2451 vocis
1068 2384 1200 2456 ἴσης
1248 2387 1625 2451 emendatio.
1723 2384 2014 2453 Conieei:
2065 2388 2208 2452 τότε
2257 2388 2319 2451 δὲ
2365 2388 2632 2466 ξυνεχῶς
2691 2390 2978 2462 ἐπικαθη-

605 2492 835 2577 μένων,
904 2494 1011 2557 καί
1072 2517 1221 2556 ποτε
1280 2494 1393 2569 μὲν
1450 2494 1552 2557 καὶ
1619 2493 1960 2557 πλειόνων
2023 2494 2152 2580 (καὶ
2195 2496 2443 2559 ἕλασσό
2460 2498 2619 2580 νων)
2659 2494 2976 2578 ἐπιόντων,

606 2601 755 2664 ποτὲ
801 2600 858 2665 δ’
910 2599 977 2674 ἐξ
1024 2600 1307 2676 άνάγκης
1354 2608 1465 2673 τῆς
1513 2603 1780 2674 πάσης
1825 2605 2090 2680 φρουράς
2129 2604 2542 2678 καταθεοὺσης
2584 2604 2693 2676 τὴν
2737 2601 2978 2681 χώραν,

606 2707 895 2786 παρόντος
952 2708 1209 2784 ’Ἄγιδος
1236 2756 1251 2781 ,
1318 2699 1379 2779 ὃς
1438 2710 1542 2771 οὐκ
1590 2710 1659 2771 ἐκ
1707 2707 2012 2787 παρέργου
2060 2709 2161 2772 τὸν
2211 2708 2478 2786 πόλεμον
2528 2710 2821 2786 ἐποιεῖτο,
2871 2733 2978 2784 με·

603 2812 787 2889 γάλα
835 2814 885 2876 οἱ
936 2811 1256 2886 Ἀθηναῖοι
1304 2813 1721 2889 ἐβλάπτοντο.

694 2918 848 3004 Gap.
899 2917 1007 2982 28.
1055 2921 1091 3003 ξ
1142 2920 1174 2983 l
1227 2919 1263 2994 ἦ
1309 2942 1379 2982 τε
1428 2926 1546 2984 τῶν
1594 2919 1945 2994 ἐπιτηδείων
1987 2922 2379 3000 παρακομιδη
2420 2921 2489 2985 ἐκ
2528 2931 2637 2995 τῆς
2677 2923 2974 3000 Εὖβοίας,

606 3025 884 3105 πρότερον
948 3026 1017 3088 ἐκ
1062 3030 1166 3090 τοῦ
1220 3027 1510 3105 Ὠρωποῦ
1573 3027 1772 3090 κατὰ
1837 3035 1979 3103 γῆν
2042 3029 2143 3092 δια
2190 3038 2301 3102 τῆς
2354 3027 2692 3099 Δεκελείας
2740 3025 2978 3094 θᾶσσον

602 3127 774 3214 οὖσα,
824 3133 956 3209 περὶ
1010 3131 1245 3196 Σούνιον
1294 3133 1501 3196 κατὰ
1552 3134 1978 3198 θάλασσαν
2027 3138 2371 3207 πολυτελὴς
2421 3135 2728 3213 ἐγίγνετο.
2780 3135 2974 3202 Codd.

602 3239 772 3303 κατὰ
858 3247 1013 3316 γῆς;
1107 3238 1433 3303 deleantur
1500 3239 1742 3304 scholia
1812 3241 1982 3304 κατα
2054 3249 2172 3317 γῆν
2240 3247 2304 3305 et
2373 3243 2544 3305 κατὰ
2616 3239 2971 3307 θάλασσαν.

602 3346 847 3411 Ibidem
894 3346 929 3428 ξ
980 3343 1019 3408 3
1068 3345 1172 3407 καὶ
1223 3344 1326 3408 τὸν
1372 3345 1730 3424 παράλογον
1779 3351 2060 3410 τοσοῦτον
2109 3356 2354 3420 ποιῆσαι
2395 3355 2522 3417 τοῖς
2555 3346 2821 3422 Ἕλλησι
2865 3359 2972 3422 τῆς

603 3451 916 3528 δυνάμεως
966 3451 1069 3514 καὶ
1118 3452 1357 3528 τόλμης
1406 3448 1526 3515 ὅσοι
1579 3453 1691 3535 (sic
1738 3459 1905 3517 recte
1953 3451 2227 3539 Madvig
2264 3473 2376 3536 pro
2416 3450 2574 3538 δ’σον)
2600 3457 2742 3518 κατ’
2767 3457 2975 3535 άρχάς

602 3563 708 3620 τοῦ
772 3557 1043 3632 πολέμου
1108 3557 1158 3620 οἱ
1205 3557 1319 3635 μὲν
1368 3558 1676 3641 ἐνιαυτόν,
1727 3559 1776 3621 οἱ
1828 3558 1888 3619 δὲ
1935 3558 2074 3639 δύο,
2123 3559 2174 3621 οἱ
2222 3558 2284 3622 δὲ
2330 3565 2558 3637 τριῶν
2610 3586 2702 3638 γε
2751 3561 2976 3648 ἐτῶν,

604 3664 866 3734 οὐδεὶς
933 3661 1125 3726 πλείω
1187 3663 1395 3743 χρόνον
1459 3661 1727 3741 ἐνόμιζον
1773 3664 2229 3742 περιοίσειν
2275 3665 2534 3743 αὐτούς,
2583 3668 2636 3730 εἰ
2685 3669 2734 3732 οἱ
2783 3678 2977 3732 Πελο-

604 3773 901 3844 ποννήσιοι
962 3766 1290 3846 ἐσβάλοιεν
1357 3771 1416 3842 ἐς
1474 3773 1583 3841 την
1629 3769 1876 3849 χώραν,
1925 3767 2032 3838 ὦς’
2083 3767 2202 3833 ἔτει
2253 3770 2764 3854 ἑπτακαιδεκάτῳ
2810 3776 2980 3852 μετοὶ

604 3879 714 3951 την
786 3876 1019 3956 πρώτην
1092 3876 1355 3953 ε’σβολην
1424 3871 1595 3950 ἦλθον
1662 3877 1723 3948 ἕς
1798 3875 2130 3952 Σικελίαν,
2197 3878 2304 3951 ἤδη
2364 3881 2448 3958 τῷ
2511 3881 2762 3958 πολέμῳ
2809 3889 2978 3946 κατα

605 3983 819 4047 πάντα
886 3981 1372 4064 τετρυχωμέναι,
1444 3981 1547 4044 καὶ
1622 3982 1892 4056 πόλεμον
1960 3982 2123 4046 οὐδὲν
2205 3983 2446 4048 ἐλάσσω
2517 3987 2980 4064 προσανείλοντο

604 4095 744 4153 τοῦ
833 4086 1212 4166 πρότερον
1300 4086 1826 4167 ὑπάρχοντος
1918 4089 1999 4152 ἐκ
2067 4091 2705 4165 Πελοποννήσου.
2799 4092 2980 4160 Unde

607 4215 834 4280 quaeso
898 4193 1168 4258 absurda
1212 4191 1436 4258 vocula
1483 4217 1561 4271 γε
1581 4244 1598 4278 ,
1645 4202 1711 4258 et
1758 4193 1924 4258 unde
1974 4195 2186 4261 subito
2231 4199 2567 4284 genetivus
2613 4199 2982 4283 temporalis

605 4322 717 4386 pro
788 4303 1135 4365 necessario
1210 4299 1615 4365 accusativo?
1709 4300 1873 4381 Quia
1931 4300 2152 4386 procul
2214 4303 2404 4368 dubio
2465 4303 2622 4368 olim
2669 4308 2976 4390 seriptum

608 4409 767 4491 suit,
840 4409 888 4472 οἱ
953 4407 1014 4470 δὲ
1061 4413 1228 4485 τριῶν
1278 4430 1355 4484 γε
1406 4407 1549 4470 ἑτῶν
1596 4410 1675 4472 οὐ
1727 4408 1811 4480 δὴ
1860 4411 2049 4472 πλείω
2096 4409 2305 4489 χρόνον
2355 4407 2619 4489 ἐνόμιζον
2663 4412 2978 4491 περιοίσειν
