<?xml version="1.0" encoding="UTF-8"?>
<!DOCTYPE html PUBLIC "-//W3C//DTD XHTML 1.0 Transitional//EN"
    "http://www.w3.org/TR/xhtml1/DTD/xhtml1-transitional.dtd">
<html xmlns="http://www.w3.org/1999/xhtml" xml:lang="en" lang="en">
 <head>
  <title>
</title>
<meta http-equiv="Content-Type" content="text/html;charset=utf-8" />
  <meta name='ocr-system' content='tesseract 3.04.00' />
  <meta name='ocr-capabilities' content='ocr_page ocr_carea ocr_par ocr_line ocrx_word'/>
</head>
<body>
  <div class='ocr_page' id='page_1' title='image "./mnemosynevolume01verdgoog_0199.png"; bbox 0 0 3369 5142; ppageno 0'>
   <div class='ocr_carea' id='block_1_1' title="bbox 1443 321 2756 398">
    <p class='ocr_par' dir='ltr' id='par_1_1' title="bbox 1443 321 2756 398">
     <span class='ocr_line' id='line_1_1' title="bbox 1443 321 2756 398; baseline -0.002 -1"><span class='ocrx_word' id='word_1_1' title='bbox 1443 342 1688 398; x_wconf 78' lang='lat' dir='ltr'>o1onn0.</span> <span class='ocrx_word' id='word_1_2' title='bbox 2623 321 2756 394; x_wconf 80' lang='lat'>187</span> 
     </span>
    </p>
   </div>
   <div class='ocr_carea' id='block_1_2' title="bbox 362 513 2760 1027">
    <p class='ocr_par' dir='ltr' id='par_1_2' title="bbox 362 513 2760 816">
     <span class='ocr_line' id='line_1_2' title="bbox 362 513 2760 603; baseline 0.001 -23"><span class='ocrx_word' id='word_1_3' title='bbox 362 515 621 581; x_wconf 89' lang='lat' dir='ltr'>Habent</span> <span class='ocrx_word' id='word_1_4' title='bbox 666 516 821 582; x_wconf 87' lang='lat' dir='ltr'>haec</span> <span class='ocrx_word' id='word_1_5' title='bbox 839 565 855 590; x_wconf 88' lang='lat'>,</span> <span class='ocrx_word' id='word_1_6' title='bbox 902 523 979 582; x_wconf 88' lang='lat' dir='ltr'>ut</span> <span class='ocrx_word' id='word_1_7' title='bbox 1022 520 1273 603; x_wconf 89' lang='lat' dir='ltr'>opinor,</span> <span class='ocrx_word' id='word_1_8' title='bbox 1322 518 1851 584; x_wconf 77' lang='lat' dir='ltr'><strong>mathematicam</strong></span> <span class='ocrx_word' id='word_1_9' title='bbox 1900 513 2325 595; x_wconf 67' lang='lat' dir='ltr'>wetooevdyxnv</span> <span class='ocrx_word' id='word_1_10' title='bbox 2348 565 2365 594; x_wconf 95' lang='lat'>,</span> <span class='ocrx_word' id='word_1_11' title='bbox 2428 522 2494 584; x_wconf 89' lang='lat' dir='ltr'>et</span> <span class='ocrx_word' id='word_1_12' title='bbox 2539 515 2760 583; x_wconf 86' lang='lat' dir='ltr'>confir·</span> 
     </span>
     <span class='ocr_line' id='line_1_3' title="bbox 365 621 2760 710; baseline 0.002 -25"><span class='ocrx_word' id='word_1_13' title='bbox 365 625 547 686; x_wconf 84' lang='lat' dir='ltr'>mant</span> <span class='ocrx_word' id='word_1_14' title='bbox 590 621 659 687; x_wconf 90' lang='lat' dir='ltr'>id</span> <span class='ocrx_word' id='word_1_15' title='bbox 704 623 873 707; x_wconf 88' lang='lat' dir='ltr'>quod</span> <span class='ocrx_word' id='word_1_16' title='bbox 920 645 997 688; x_wconf 82' lang='lat' dir='ltr'>ex</span> <span class='ocrx_word' id='word_1_17' title='bbox 1038 627 1131 689; x_wconf 91' lang='lat' dir='ltr'>rei</span> <span class='ocrx_word' id='word_1_18' title='bbox 1169 629 1399 689; x_wconf 86' lang='lat' dir='ltr'>natura</span> <span class='ocrx_word' id='word_1_19' title='bbox 1435 627 1724 708; x_wconf 88' lang='lat' dir='ltr'>sequitur</span> <span class='ocrx_word' id='word_1_20' title='bbox 1756 643 1834 688; x_wconf 81' lang='lat' dir='ltr'>ex</span> <span class='ocrx_word' id='word_1_21' title='bbox 1873 623 2148 710; x_wconf 84' lang='lat' dir='ltr'>singulis</span> <span class='ocrx_word' id='word_1_22' title='bbox 2186 624 2514 691; x_wconf 79' lang='lat' dir='ltr'>ordinibus</span> <span class='ocrx_word' id='word_1_23' title='bbox 2549 647 2760 708; x_wconf 78' lang='lat' dir='ltr'>parem</span> 
     </span>
     <span class='ocr_line' id='line_1_4' title="bbox 362 727 1958 816; baseline 0.003 -26"><span class='ocrx_word' id='word_1_24' title='bbox 362 727 625 790; x_wconf 77' lang='lat' dir='ltr'>iudicum</span> <span class='ocrx_word' id='word_1_25' title='bbox 672 750 978 792; x_wconf 73' lang='lat' dir='ltr'>numerum</span> <span class='ocrx_word' id='word_1_26' title='bbox 1026 728 1265 816; x_wconf 87' lang='lat' dir='ltr'>(XVII)</span> <span class='ocrx_word' id='word_1_27' title='bbox 1317 731 1663 795; x_wconf 83' lang='lat' dir='ltr'>sententias</span> <span class='ocrx_word' id='word_1_28' title='bbox 1711 729 1958 795; x_wconf 86' lang='lat' dir='ltr'>tulisse.</span> 
     </span>
    </p>

    <p class='ocr_par' dir='ltr' id='par_1_3' title="bbox 365 832 2754 1027">
     <span class='ocr_line' id='line_1_5' title="bbox 457 832 2754 926; baseline 0.001 -26"><span class='ocrx_word' id='word_1_29' title='bbox 457 832 1053 901; x_wconf 81' lang='lat' dir='ltr'>Condemnaverunt</span> <span class='ocrx_word' id='word_1_30' title='bbox 1098 837 1267 900; x_wconf 90' lang='lat' dir='ltr'>enim</span> <span class='ocrx_word' id='word_1_31' title='bbox 1312 835 1559 901; x_wconf 89' lang='lat' dir='ltr'>iudices</span> <span class='ocrx_word' id='word_1_32' title='bbox 1596 835 1788 901; x_wconf 85' lang='lat' dir='ltr'>XXV</span> <span class='ocrx_word' id='word_1_33' title='bbox 1831 834 1898 924; x_wconf 88' lang='grc'>(9</span> <span class='ocrx_word' id='word_1_34' title='bbox 1921 837 1999 918; x_wconf 72' lang='grc' dir='ltr'>-Ι-</span> <span class='ocrx_word' id='word_1_35' title='bbox 2025 835 2064 900; x_wconf 90' lang='grc'>9</span> <span class='ocrx_word' id='word_1_36' title='bbox 2089 847 2167 926; x_wconf 63' lang='lat'>4-</span> <span class='ocrx_word' id='word_1_37' title='bbox 2193 835 2262 921; x_wconf 82' lang='grc'>7)</span> <span class='ocrx_word' id='word_1_38' title='bbox 2286 885 2303 913; x_wconf 92' lang='grc'><em>,</em></span> <span class='ocrx_word' id='word_1_39' title='bbox 2343 837 2754 904; x_wconf 77' lang='lat' dir='ltr'>absolverunt</span> 
     </span>
     <span class='ocr_line' id='line_1_6' title="bbox 365 939 2377 1027; baseline 0 -19"><span class='ocrx_word' id='word_1_40' title='bbox 365 939 593 1008; x_wconf 87' lang='lat' dir='ltr'>XXVI</span> <span class='ocrx_word' id='word_1_41' title='bbox 638 939 706 1027; x_wconf 88' lang='grc'>(8</span> <span class='ocrx_word' id='word_1_42' title='bbox 730 943 808 1024; x_wconf 72' lang='grc' dir='ltr'>-Ι-</span> <span class='ocrx_word' id='word_1_43' title='bbox 832 940 875 1006; x_wconf 90' lang='grc'>8</span> <span class='ocrx_word' id='word_1_44' title='bbox 897 946 975 1025; x_wconf 62' lang='lat'>4-</span> <span class='ocrx_word' id='word_1_45' title='bbox 1002 940 1113 1025; x_wconf 91' lang='lat'>10)</span> <span class='ocrx_word' id='word_1_46' title='bbox 1162 947 1225 1006; x_wconf 89' lang='lat' dir='ltr'>et</span> <span class='ocrx_word' id='word_1_47' title='bbox 1270 943 1363 1006; x_wconf 89' lang='lat' dir='ltr'>sic</span> <span class='ocrx_word' id='word_1_48' title='bbox 1406 963 1532 1005; x_wconf 78' lang='lat' dir='ltr'>una</span> <span class='ocrx_word' id='word_1_49' title='bbox 1576 943 1875 1007; x_wconf 69' lang='lat' dir='ltr'>sentencia</span> <span class='ocrx_word' id='word_1_50' title='bbox 1922 943 2230 1007; x_wconf 67' lang='lat' dir='ltr'>absolutus</span> <span class='ocrx_word' id='word_1_51' title='bbox 2273 949 2377 1008; x_wconf 73' lang='lat' dir='ltr'>est.</span> 
     </span>
    </p>
   </div>
   <div class='ocr_carea' id='block_1_3' title="bbox 366 1148 2768 4521">
    <p class='ocr_par' dir='ltr' id='par_1_4' title="bbox 366 1148 2764 2084">
     <span class='ocr_line' id='line_1_7' title="bbox 461 1148 2757 1219; baseline 0.001 -4"><span class='ocrx_word' id='word_1_52' title='bbox 461 1148 659 1215; x_wconf 85' lang='lat' dir='ltr'>Video</span> <span class='ocrx_word' id='word_1_53' title='bbox 705 1149 1025 1216; x_wconf 88' lang='lat' dir='ltr'>Orellium</span> <span class='ocrx_word' id='word_1_54' title='bbox 1072 1157 1135 1217; x_wconf 90' lang='lat' dir='ltr'>et</span> <span class='ocrx_word' id='word_1_55' title='bbox 1178 1150 1339 1217; x_wconf 87' lang='lat' dir='ltr'>alios</span> <span class='ocrx_word' id='word_1_56' title='bbox 1382 1154 1557 1218; x_wconf 82' lang='lat' dir='ltr'>viros</span> <span class='ocrx_word' id='word_1_57' title='bbox 1601 1152 1818 1218; x_wconf 89' lang='lat' dir='ltr'>doctos</span> <span class='ocrx_word' id='word_1_58' title='bbox 1864 1155 2033 1218; x_wconf 90' lang='lat' dir='ltr'>inter</span> <span class='ocrx_word' id='word_1_59' title='bbox 2071 1174 2138 1218; x_wconf 90' lang='lat' dir='ltr'>se</span> <span class='ocrx_word' id='word_1_60' title='bbox 2177 1152 2558 1219; x_wconf 86' lang='lat' dir='ltr'>confundere</span> <span class='ocrx_word' id='word_1_61' title='bbox 2597 1153 2757 1218; x_wconf 87' lang='lat' dir='ltr'>duos</span> 
     </span>
     <span class='ocr_line' id='line_1_8' title="bbox 368 1254 2758 1344; baseline 0 -23"><span class='ocrx_word' id='word_1_62' title='bbox 368 1255 623 1321; x_wconf 89' lang='lat' dir='ltr'>Marcos</span> <span class='ocrx_word' id='word_1_63' title='bbox 666 1254 951 1322; x_wconf 79' lang='lat' dir='ltr'>Valerios</span> <span class='ocrx_word' id='word_1_64' title='bbox 994 1256 1351 1323; x_wconf 80' lang='lat' dir='ltr'>Messallae.</span> <span class='ocrx_word' id='word_1_65' title='bbox 1444 1257 1619 1322; x_wconf 83' lang='lat' dir='ltr'>Duos</span> <span class='ocrx_word' id='word_1_66' title='bbox 1667 1259 1862 1323; x_wconf 88' lang='lat' dir='ltr'>fuisse</span> <span class='ocrx_word' id='word_1_67' title='bbox 1909 1259 2130 1324; x_wconf 87' lang='lat' dir='ltr'>eodem</span> <span class='ocrx_word' id='word_1_68' title='bbox 2181 1261 2589 1344; x_wconf 79' lang='lat' dir='ltr'>praenomine</span> <span class='ocrx_word' id='word_1_69' title='bbox 2629 1279 2758 1323; x_wconf 84' lang='lat' dir='ltr'>cer-</span> 
     </span>
     <span class='ocr_line' id='line_1_9' title="bbox 368 1362 2757 1448; baseline 0.001 -22"><span class='ocrx_word' id='word_1_70' title='bbox 368 1367 513 1428; x_wconf 83' lang='lat' dir='ltr'>t‘um</span> <span class='ocrx_word' id='word_1_71' title='bbox 578 1367 692 1427; x_wconf 89' lang='lat' dir='ltr'>est.</span> <span class='ocrx_word' id='word_1_72' title='bbox 782 1362 983 1428; x_wconf 84' lang='lat' dir='ltr'>Erant</span> <span class='ocrx_word' id='word_1_73' title='bbox 1001 1409 1017 1439; x_wconf 91' lang='lat'>‚</span> <span class='ocrx_word' id='word_1_74' title='bbox 1082 1363 1265 1429; x_wconf 89' lang='lat' dir='ltr'>credo</span> <span class='ocrx_word' id='word_1_75' title='bbox 1288 1412 1306 1448; x_wconf 88' lang='lat'>,</span> <span class='ocrx_word' id='word_1_76' title='bbox 1371 1365 1595 1428; x_wconf 81' lang='lat' dir='ltr'>fratres</span> <span class='ocrx_word' id='word_1_77' title='bbox 1658 1363 1976 1448; x_wconf 82' lang='lat' dir='ltr'>patrueles</span> <span class='ocrx_word' id='word_1_78' title='bbox 1994 1412 2011 1441; x_wconf 95' lang='lat'>,</span> <span class='ocrx_word' id='word_1_79' title='bbox 2079 1364 2242 1430; x_wconf 82' lang='lat' dir='ltr'>alter</span> <span class='ocrx_word' id='word_1_80' title='bbox 2295 1365 2502 1430; x_wconf 89' lang='lat' dir='ltr'>Marci</span> <span class='ocrx_word' id='word_1_81' title='bbox 2549 1363 2722 1429; x_wconf 88' lang='lat' dir='ltr'>filius</span> <span class='ocrx_word' id='word_1_82' title='bbox 2739 1412 2757 1448; x_wconf 86' lang='lat'>,</span> 
     </span>
     <span class='ocr_line' id='line_1_10' title="bbox 369 1467 2761 1536; baseline 0.001 -4"><span class='ocrx_word' id='word_1_83' title='bbox 369 1467 532 1533; x_wconf 90' lang='lat' dir='ltr'>alter</span> <span class='ocrx_word' id='word_1_84' title='bbox 592 1467 753 1533; x_wconf 87' lang='lat' dir='ltr'>Oaii.</span> <span class='ocrx_word' id='word_1_85' title='bbox 818 1467 915 1534; x_wconf 83' lang='lat' dir='ltr'>M.</span> <span class='ocrx_word' id='word_1_86' title='bbox 962 1467 1256 1534; x_wconf 87' lang='lat' dir='ltr'>Valerius</span> <span class='ocrx_word' id='word_1_87' title='bbox 1301 1469 1397 1534; x_wconf 89' lang='lat' dir='ltr'>M.</span> <span class='ocrx_word' id='word_1_88' title='bbox 1446 1469 1515 1534; x_wconf 79' lang='lat' dir='ltr'>F.</span> <span class='ocrx_word' id='word_1_89' title='bbox 1569 1490 1732 1536; x_wconf 88' lang='lat' dir='ltr'>anno</span> <span class='ocrx_word' id='word_1_90' title='bbox 1781 1469 1866 1535; x_wconf 80' lang='lat'>53</span> <span class='ocrx_word' id='word_1_91' title='bbox 1916 1491 2064 1535; x_wconf 91' lang='lat' dir='ltr'>cum</span> <span class='ocrx_word' id='word_1_92' title='bbox 2109 1470 2226 1536; x_wconf 83' lang='lat' dir='ltr'>Gn.</span> <span class='ocrx_word' id='word_1_93' title='bbox 2277 1471 2570 1536; x_wconf 86' lang='lat' dir='ltr'>Domitio</span> <span class='ocrx_word' id='word_1_94' title='bbox 2617 1467 2761 1535; x_wconf 88' lang='lat' dir='ltr'>Cal-</span> 
     </span>
     <span class='ocr_line' id='line_1_11' title="bbox 366 1573 2760 1662; baseline 0.001 -25"><span class='ocrx_word' id='word_1_95' title='bbox 366 1575 519 1638; x_wconf 84' lang='lat' dir='ltr'>vino</span> <span class='ocrx_word' id='word_1_96' title='bbox 565 1573 967 1638; x_wconf 85' lang='lat' dir='ltr'>consulatum</span> <span class='ocrx_word' id='word_1_97' title='bbox 1015 1577 1237 1662; x_wconf 80' lang='lat' dir='ltr'>gessit.</span> <span class='ocrx_word' id='word_1_98' title='bbox 1300 1573 1483 1640; x_wconf 81' lang='lat' dir='ltr'>Alter</span> <span class='ocrx_word' id='word_1_99' title='bbox 1528 1575 1617 1640; x_wconf 87' lang='grc' dir='ltr'>Μ.</span> <span class='ocrx_word' id='word_1_100' title='bbox 1667 1575 1961 1641; x_wconf 87' lang='lat' dir='ltr'>Valerius</span> <span class='ocrx_word' id='word_1_101' title='bbox 2007 1573 2079 1642; x_wconf 87' lang='lat' dir='ltr'>C.</span> <span class='ocrx_word' id='word_1_102' title='bbox 2129 1575 2199 1640; x_wconf 79' lang='lat' dir='ltr'>F.</span> <span class='ocrx_word' id='word_1_103' title='bbox 2249 1575 2550 1642; x_wconf 78' lang='lat' dir='ltr'>Messalla</span> <span class='ocrx_word' id='word_1_104' title='bbox 2596 1595 2760 1642; x_wconf 88' lang='lat' dir='ltr'>anno</span> 
     </span>
     <span class='ocr_line' id='line_1_12' title="bbox 370 1678 2762 1748; baseline 0.001 -4"><span class='ocrx_word' id='word_1_105' title='bbox 370 1678 447 1744; x_wconf 83' lang='lat'>51</span> <span class='ocrx_word' id='word_1_106' title='bbox 505 1678 881 1745; x_wconf 87' lang='lat' dir='ltr'>candidatus</span> <span class='ocrx_word' id='word_1_107' title='bbox 928 1680 1277 1746; x_wconf 87' lang='lat' dir='ltr'>consularis</span> <span class='ocrx_word' id='word_1_108' title='bbox 1324 1701 1469 1746; x_wconf 88' lang='lat' dir='ltr'>reus</span> <span class='ocrx_word' id='word_1_109' title='bbox 1518 1681 1595 1746; x_wconf 88' lang='lat' dir='ltr'>de</span> <span class='ocrx_word' id='word_1_110' title='bbox 1641 1683 1895 1747; x_wconf 90' lang='lat' dir='ltr'>ambitu</span> <span class='ocrx_word' id='word_1_111' title='bbox 1945 1682 2149 1746; x_wconf 80' lang='lat' dir='ltr'>factus</span> <span class='ocrx_word' id='word_1_112' title='bbox 2196 1687 2262 1746; x_wconf 90' lang='lat' dir='ltr'>et</span> <span class='ocrx_word' id='word_1_113' title='bbox 2301 1683 2380 1746; x_wconf 86' lang='lat' dir='ltr'>ab</span> <span class='ocrx_word' id='word_1_114' title='bbox 2418 1683 2762 1748; x_wconf 87' lang='lat' dir='ltr'>Hortensio</span> 
     </span>
     <span class='ocr_line' id='line_1_13' title="bbox 370 1785 2764 1874; baseline 0 -23"><span class='ocrx_word' id='word_1_115' title='bbox 370 1789 597 1851; x_wconf 83' lang='lat' dir='ltr'>matris</span> <span class='ocrx_word' id='word_1_116' title='bbox 656 1785 851 1850; x_wconf 83' lang='lat' dir='ltr'>fratre</span> <span class='ocrx_word' id='word_1_117' title='bbox 914 1786 1208 1851; x_wconf 88' lang='lat' dir='ltr'>defensus</span> <span class='ocrx_word' id='word_1_118' title='bbox 1272 1791 1519 1870; x_wconf 84' lang='lat' dir='ltr'>praeter</span> <span class='ocrx_word' id='word_1_119' title='bbox 1578 1789 1870 1852; x_wconf 90' lang='lat' dir='ltr'>omnium</span> <span class='ocrx_word' id='word_1_120' title='bbox 1919 1787 2280 1872; x_wconf 87' lang='lat' dir='ltr'>opinionem</span> <span class='ocrx_word' id='word_1_121' title='bbox 2330 1807 2476 1852; x_wconf 89' lang='lat' dir='ltr'>cum</span> <span class='ocrx_word' id='word_1_122' title='bbox 2525 1807 2764 1874; x_wconf 90' lang='lat' dir='ltr'>magna</span> 
     </span>
     <span class='ocr_line' id='line_1_14' title="bbox 372 1890 2764 1980; baseline 0 -22"><span class='ocrx_word' id='word_1_123' title='bbox 372 1891 593 1978; x_wconf 86' lang='lat' dir='ltr'>populi</span> <span class='ocrx_word' id='word_1_124' title='bbox 650 1891 1091 1980; x_wconf 81' lang='lat' dir='ltr'>indignatione</span> <span class='ocrx_word' id='word_1_125' title='bbox 1154 1890 1483 1957; x_wconf 87' lang='lat' dir='ltr'>absolutus</span> <span class='ocrx_word' id='word_1_126' title='bbox 1529 1899 1625 1958; x_wconf 86' lang='lat' dir='ltr'>est</span> <span class='ocrx_word' id='word_1_127' title='bbox 1642 1943 1661 1975; x_wconf 91' lang='lat'>,</span> <span class='ocrx_word' id='word_1_128' title='bbox 1709 1893 1818 1958; x_wconf 88' lang='lat' dir='ltr'>sed</span> <span class='ocrx_word' id='word_1_129' title='bbox 1865 1895 2088 1958; x_wconf 85' lang='lat' dir='ltr'>statim</span> <span class='ocrx_word' id='word_1_130' title='bbox 2131 1897 2276 1978; x_wconf 88' lang='lat' dir='ltr'>post</span> <span class='ocrx_word' id='word_1_131' title='bbox 2321 1891 2468 1980; x_wconf 89' lang='lat' dir='ltr'>lege</span> <span class='ocrx_word' id='word_1_132' title='bbox 2513 1892 2764 1958; x_wconf 89' lang='lat' dir='ltr'>Licinia</span> 
     </span>
     <span class='ocr_line' id='line_1_15' title="bbox 376 1998 2760 2084; baseline -0 -20"><span class='ocrx_word' id='word_1_133' title='bbox 376 2000 455 2064; x_wconf 90' lang='lat' dir='ltr'>de</span> <span class='ocrx_word' id='word_1_134' title='bbox 495 1998 809 2063; x_wconf 85' lang='lat' dir='ltr'>sodalitiis</span> <span class='ocrx_word' id='word_1_135' title='bbox 849 1998 1211 2084; x_wconf 86' lang='lat' dir='ltr'>postulatus</span> <span class='ocrx_word' id='word_1_136' title='bbox 1250 1998 1708 2064; x_wconf 89' lang='lat' dir='ltr'>condemnatus</span> <span class='ocrx_word' id='word_1_137' title='bbox 1747 1998 2035 2064; x_wconf 81' lang='lat' dir='ltr'>discessit</span> <span class='ocrx_word' id='word_1_138' title='bbox 2061 2005 2126 2064; x_wconf 94' lang='lat' dir='ltr'>et</span> <span class='ocrx_word' id='word_1_139' title='bbox 2147 1998 2480 2065; x_wconf 83' lang='lat' dir='ltr'>consulatu</span> <span class='ocrx_word' id='word_1_140' title='bbox 2505 1999 2760 2066; x_wconf 80' lang='lat' dir='ltr'>excidit.</span> 
     </span>
    </p>

    <p class='ocr_par' dir='ltr' id='par_1_5' title="bbox 366 2100 2768 4521">
     <span class='ocr_line' id='line_1_16' title="bbox 466 2100 2762 2189; baseline 0 -20"><span class='ocrx_word' id='word_1_141' title='bbox 466 2105 585 2170; x_wconf 83' lang='lat' dir='ltr'>Est</span> <span class='ocrx_word' id='word_1_142' title='bbox 628 2125 854 2189; x_wconf 86' lang='lat' dir='ltr'>operae</span> <span class='ocrx_word' id='word_1_143' title='bbox 902 2107 1184 2188; x_wconf 88' lang='lat' dir='ltr'>pretium</span> <span class='ocrx_word' id='word_1_144' title='bbox 1233 2100 1553 2169; x_wconf 86' lang='lat' dir='ltr'>Ciceronis</span> <span class='ocrx_word' id='word_1_145' title='bbox 1598 2109 1663 2170; x_wconf 91' lang='lat' dir='ltr'>et</span> <span class='ocrx_word' id='word_1_146' title='bbox 1711 2103 2184 2170; x_wconf 87' lang='lat' dir='ltr'>Historicorum</span> <span class='ocrx_word' id='word_1_147' title='bbox 2234 2105 2311 2171; x_wconf 85' lang='lat' dir='ltr'>de</span> <span class='ocrx_word' id='word_1_148' title='bbox 2357 2126 2432 2171; x_wconf 89' lang='lat' dir='ltr'>ea</span> <span class='ocrx_word' id='word_1_149' title='bbox 2477 2126 2546 2172; x_wconf 88' lang='lat' dir='ltr'>re</span> <span class='ocrx_word' id='word_1_150' title='bbox 2591 2105 2762 2172; x_wconf 87' lang='lat' dir='ltr'>locos</span> 
     </span>
     <span class='ocr_line' id='line_1_17' title="bbox 376 2210 2762 2296; baseline 0 -20"><span class='ocrx_word' id='word_1_151' title='bbox 376 2231 771 2296; x_wconf 89' lang='lat' dir='ltr'>componere.</span> <span class='ocrx_word' id='word_1_152' title='bbox 868 2212 1053 2275; x_wconf 86' lang='lat' dir='ltr'>Anno</span> <span class='ocrx_word' id='word_1_153' title='bbox 1094 2210 1181 2274; x_wconf 80' lang='lat'>54</span> <span class='ocrx_word' id='word_1_154' title='bbox 1228 2215 1501 2294; x_wconf 86' lang='lat' dir='ltr'>quatuor</span> <span class='ocrx_word' id='word_1_155' title='bbox 1548 2215 1728 2276; x_wconf 88' lang='lat' dir='ltr'>erant</span> <span class='ocrx_word' id='word_1_156' title='bbox 1773 2210 2141 2276; x_wconf 88' lang='lat' dir='ltr'>consulatus</span> <span class='ocrx_word' id='word_1_157' title='bbox 2187 2212 2509 2277; x_wconf 88' lang='lat' dir='ltr'>candidati</span> <span class='ocrx_word' id='word_1_158' title='bbox 2553 2211 2762 2277; x_wconf 83' lang='lat' dir='ltr'>Mem·</span> 
     </span>
     <span class='ocr_line' id='line_1_18' title="bbox 376 2315 2764 2401; baseline -0 -19"><span class='ocrx_word' id='word_1_159' title='bbox 376 2319 583 2401; x_wconf 83' lang='lat' dir='ltr'>mins,</span> <span class='ocrx_word' id='word_1_160' title='bbox 652 2315 1011 2394; x_wconf 86' lang='lat' dir='ltr'>Domitius,</span> <span class='ocrx_word' id='word_1_161' title='bbox 1084 2316 1391 2393; x_wconf 85' lang='lat' dir='ltr'>Scaurus,</span> <span class='ocrx_word' id='word_1_162' title='bbox 1460 2315 1784 2382; x_wconf 84' lang='lat' dir='ltr'>Messalla.</span> <span class='ocrx_word' id='word_1_163' title='bbox 1849 2316 1928 2382; x_wconf 88' lang='lat' dir='ltr'>ad</span> <span class='ocrx_word' id='word_1_164' title='bbox 1992 2315 2130 2380; x_wconf 85' lang='lat' dir='ltr'>Att.</span> <span class='ocrx_word' id='word_1_165' title='bbox 2201 2316 2308 2382; x_wconf 83' lang='lat' dir='ltr'>lv.</span> <span class='ocrx_word' id='word_1_166' title='bbox 2377 2317 2480 2382; x_wconf 83' lang='lat'>15.</span> <span class='ocrx_word' id='word_1_167' title='bbox 2534 2317 2592 2385; x_wconf 88' lang='lat'>7.</span> <span class='ocrx_word' id='word_1_168' title='bbox 2687 2317 2764 2382; x_wconf 90' lang='lat' dir='ltr'>In</span> 
     </span>
     <span class='ocr_line' id='line_1_19' title="bbox 376 2401 2764 2508; baseline 0 -22"><span class='ocrx_word' id='word_1_169' title='bbox 376 2401 664 2508; x_wconf 81' lang='lat' dir='ltr'>Epistola</span> <span class='ocrx_word' id='word_1_170' title='bbox 709 2422 788 2487; x_wconf 90' lang='lat' dir='ltr'>ad</span> <span class='ocrx_word' id='word_1_171' title='bbox 836 2425 971 2486; x_wconf 87' lang='lat' dir='ltr'>Att.</span> <span class='ocrx_word' id='word_1_172' title='bbox 1023 2420 1133 2486; x_wconf 85' lang='lat' dir='ltr'>IV.</span> <span class='ocrx_word' id='word_1_173' title='bbox 1192 2421 1295 2488; x_wconf 89' lang='grc'>16.</span> <span class='ocrx_word' id='word_1_174' title='bbox 1350 2421 1413 2486; x_wconf 81' lang='grc'>6.</span> <span class='ocrx_word' id='word_1_175' title='bbox 1462 2419 1683 2487; x_wconf 83' lang='lat' dir='ltr'>Cicero</span> <span class='ocrx_word' id='word_1_176' title='bbox 1730 2423 1988 2487; x_wconf 86' lang='lat' dir='ltr'>scribit:</span> <span class='ocrx_word' id='word_1_177' title='bbox 2038 2423 2328 2486; x_wconf 73' lang='lat' dir='ltr'>Messalla</span> <span class='ocrx_word' id='word_1_178' title='bbox 2367 2430 2424 2489; x_wconf 75' lang='lat' dir='ltr'>et</span> <span class='ocrx_word' id='word_1_179' title='bbox 2463 2423 2764 2488; x_wconf 59' lang='lat' dir='ltr'>Domitius</span> 
     </span>
     <span class='ocr_line' id='line_1_20' title="bbox 377 2529 2756 2614; baseline 0 -21"><span class='ocrx_word' id='word_1_180' title='bbox 377 2565 463 2579; x_wconf 92' lang='lat'>—-·</span> <span class='ocrx_word' id='word_1_181' title='bbox 487 2535 635 2595; x_wconf 70' lang='lat' dir='ltr'>certi</span> <span class='ocrx_word' id='word_1_182' title='bbox 680 2536 853 2595; x_wconf 74' lang='lat' dir='ltr'>erant</span> <span class='ocrx_word' id='word_1_183' title='bbox 896 2529 1181 2593; x_wconf 67' lang='lat' dir='ltr'>consules.</span> <span class='ocrx_word' id='word_1_184' title='bbox 1232 2533 1297 2595; x_wconf 87' lang='lat' dir='ltr'>et</span> <span class='ocrx_word' id='word_1_185' title='bbox 1343 2529 1495 2594; x_wconf 90' lang='lat' dir='ltr'>ibid.</span> <span class='ocrx_word' id='word_1_186' title='bbox 1542 2530 1579 2614; x_wconf 70' lang='grc' dir='ltr'>ξ</span> <span class='ocrx_word' id='word_1_187' title='bbox 1628 2529 1732 2593; x_wconf 94' lang='grc'>11.</span> <span class='ocrx_word' id='word_1_188' title='bbox 1785 2529 1910 2593; x_wconf 69' lang='lat' dir='ltr'>Res</span> <span class='ocrx_word' id='word_1_189' title='bbox 1935 2530 2088 2612; x_wconf 70' lang='lat' dir='ltr'>fluit</span> <span class='ocrx_word' id='word_1_190' title='bbox 2135 2529 2219 2593; x_wconf 82' lang='lat' dir='ltr'>ad</span> <span class='ocrx_word' id='word_1_191' title='bbox 2261 2533 2660 2611; x_wconf 63' lang='lat' dir='ltr'>interregnum</span> <span class='ocrx_word' id='word_1_192' title='bbox 2699 2537 2756 2595; x_wconf 73' lang='lat' dir='ltr'>et</span> 
     </span>
     <span class='ocr_line' id='line_1_21' title="bbox 376 2635 2765 2701; baseline 0.001 -2"><span class='ocrx_word' id='word_1_193' title='bbox 376 2644 463 2701; x_wconf 73' lang='lat' dir='ltr'>eet</span> <span class='ocrx_word' id='word_1_194' title='bbox 523 2638 853 2700; x_wconf 68' lang='lat' dir='ltr'>nonnullus</span> <span class='ocrx_word' id='word_1_195' title='bbox 914 2637 1059 2700; x_wconf 82' lang='lat' dir='ltr'>odor</span> <span class='ocrx_word' id='word_1_196' title='bbox 1106 2636 1483 2699; x_wconf 77' lang='lat' dir='ltr'>Dictaturae.</span> <span class='ocrx_word' id='word_1_197' title='bbox 1538 2672 1624 2683; x_wconf 90' lang='lat'><strong>—</strong></span> <span class='ocrx_word' id='word_1_198' title='bbox 1681 2636 2001 2699; x_wconf 76' lang='lat' dir='ltr'>Candidati</span> <span class='ocrx_word' id='word_1_199' title='bbox 2045 2637 2386 2701; x_wconf 70' lang='lat' dir='ltr'>consulares</span> <span class='ocrx_word' id='word_1_200' title='bbox 2432 2658 2628 2700; x_wconf 70' lang='lat' dir='ltr'>omnes</span> <span class='ocrx_word' id='word_1_201' title='bbox 2671 2635 2765 2701; x_wconf 81' lang='lat' dir='ltr'>rei</span> 
     </span>
     <span class='ocr_line' id='line_1_22' title="bbox 376 2740 2764 2828; baseline 0.001 -24"><span class='ocrx_word' id='word_1_202' title='bbox 376 2742 651 2805; x_wconf 65' lang='lat' dir='ltr'>ambitus.</span> <span class='ocrx_word' id='word_1_203' title='bbox 744 2740 871 2807; x_wconf 88' lang='lat' dir='ltr'>Res</span> <span class='ocrx_word' id='word_1_204' title='bbox 918 2742 1157 2807; x_wconf 85' lang='lat' dir='ltr'>fluebat</span> <span class='ocrx_word' id='word_1_205' title='bbox 1202 2740 1283 2806; x_wconf 90' lang='lat' dir='ltr'>ad</span> <span class='ocrx_word' id='word_1_206' title='bbox 1328 2743 1768 2828; x_wconf 79' lang='lat' dir='ltr'>interregnum</span> <span class='ocrx_word' id='word_1_207' title='bbox 1789 2790 1806 2825; x_wconf 86' lang='lat'>‚</span> <span class='ocrx_word' id='word_1_208' title='bbox 1855 2744 2007 2825; x_wconf 89' lang='lat' dir='ltr'>quia</span> <span class='ocrx_word' id='word_1_209' title='bbox 2051 2744 2121 2805; x_wconf 93' lang='lat' dir='ltr'>in</span> <span class='ocrx_word' id='word_1_210' title='bbox 2167 2744 2342 2806; x_wconf 85' lang='lat' dir='ltr'>exitu</span> <span class='ocrx_word' id='word_1_211' title='bbox 2389 2748 2524 2807; x_wconf 88' lang='lat' dir='ltr'>erat</span> <span class='ocrx_word' id='word_1_212' title='bbox 2563 2762 2764 2807; x_wconf 89' lang='lat' dir='ltr'>annus</span> 
     </span>
     <span class='ocr_line' id='line_1_23' title="bbox 378 2846 2766 2931; baseline 0 -19"><span class='ocrx_word' id='word_1_213' title='bbox 378 2854 442 2912; x_wconf 93' lang='lat' dir='ltr'>et</span> <span class='ocrx_word' id='word_1_214' title='bbox 520 2852 661 2931; x_wconf 87' lang='lat' dir='ltr'>post</span> <span class='ocrx_word' id='word_1_215' title='bbox 732 2846 1052 2913; x_wconf 86' lang='lat' dir='ltr'>Kalendas</span> <span class='ocrx_word' id='word_1_216' title='bbox 1124 2847 1451 2913; x_wconf 83' lang='lat' dir='ltr'>Ianuarias</span> <span class='ocrx_word' id='word_1_217' title='bbox 1516 2866 1708 2911; x_wconf 90' lang='lat' dir='ltr'>nemo</span> <span class='ocrx_word' id='word_1_218' title='bbox 1767 2852 2016 2931; x_wconf 87' lang='lat' dir='ltr'>poterat</span> <span class='ocrx_word' id='word_1_219' title='bbox 2086 2850 2348 2911; x_wconf 85' lang='lat' dir='ltr'>comitia</span> <span class='ocrx_word' id='word_1_220' title='bbox 2410 2846 2766 2913; x_wconf 86' lang='lat' dir='ltr'>consularia</span> 
     </span>
     <span class='ocr_line' id='line_1_24' title="bbox 376 2950 2762 3038; baseline -0 -20"><span class='ocrx_word' id='word_1_221' title='bbox 376 2953 607 3018; x_wconf 87' lang='lat' dir='ltr'>habere</span> <span class='ocrx_word' id='word_1_222' title='bbox 677 2956 801 3019; x_wconf 86' lang='lat' dir='ltr'>nisi</span> <span class='ocrx_word' id='word_1_223' title='bbox 872 2955 1149 3018; x_wconf 86' lang='lat' dir='ltr'>interrex</span> <span class='ocrx_word' id='word_1_224' title='bbox 1220 2974 1257 3017; x_wconf 90' lang='lat' dir='ltr'>a</span> <span class='ocrx_word' id='word_1_225' title='bbox 1324 2955 1611 3038; x_wconf 86' lang='lat' dir='ltr'>patriciis</span> <span class='ocrx_word' id='word_1_226' title='bbox 1678 2953 1988 3037; x_wconf 85' lang='lat' dir='ltr'>proditus.</span> <span class='ocrx_word' id='word_1_227' title='bbox 2051 2950 2274 3018; x_wconf 88' lang='lat' dir='ltr'>Cicero</span> <span class='ocrx_word' id='word_1_228' title='bbox 2323 2954 2401 3018; x_wconf 87' lang='lat' dir='ltr'>ad</span> <span class='ocrx_word' id='word_1_229' title='bbox 2451 2952 2762 3032; x_wconf 82' lang='lat' dir='ltr'>Quintum</span> 
     </span>
     <span class='ocr_line' id='line_1_25' title="bbox 374 3059 2766 3142; baseline -0.001 -17"><span class='ocrx_word' id='word_1_230' title='bbox 374 3060 633 3127; x_wconf 72' lang='lat' dir='ltr'>fratrem</span> <span class='ocrx_word' id='word_1_231' title='bbox 704 3061 784 3125; x_wconf 94' lang='lat' dir='ltr'>II.</span> <span class='ocrx_word' id='word_1_232' title='bbox 856 3060 959 3123; x_wconf 84' lang='lat'>15.</span> <span class='ocrx_word' id='word_1_233' title='bbox 1022 3066 1153 3123; x_wconf 75' lang='lat' dir='ltr'>erat</span> <span class='ocrx_word' id='word_1_234' title='bbox 1210 3060 1499 3123; x_wconf 72' lang='lat' dir='ltr'>nonnulla</span> <span class='ocrx_word' id='word_1_235' title='bbox 1562 3081 1694 3142; x_wconf 63' lang='lat' dir='ltr'>spes</span> <span class='ocrx_word' id='word_1_236' title='bbox 1756 3059 2122 3123; x_wconf 73' lang='lat' dir='ltr'>comitiorum</span> <span class='ocrx_word' id='word_1_237' title='bbox 2167 3061 2276 3124; x_wconf 72' lang='lat' dir='ltr'>ced</span> <span class='ocrx_word' id='word_1_238' title='bbox 2319 3061 2546 3124; x_wconf 74' lang='lat' dir='ltr'>incerta</span> <span class='ocrx_word' id='word_1_239' title='bbox 2567 3092 2584 3122; x_wconf 91' lang='lat'>.·</span> <span class='ocrx_word' id='word_1_240' title='bbox 2635 3066 2766 3123; x_wconf 72' lang='lat' dir='ltr'>crat</span> 
     </span>
     <span class='ocr_line' id='line_1_26' title="bbox 372 3165 2768 3254; baseline -0 -23"><span class='ocrx_word' id='word_1_241' title='bbox 372 3170 577 3254; x_wconf 78' lang='lat' dir='ltr'>aliqua</span> <span class='ocrx_word' id='word_1_242' title='bbox 642 3166 899 3251; x_wconf 71' lang='lat' dir='ltr'>euspicio</span> <span class='ocrx_word' id='word_1_243' title='bbox 966 3165 1305 3229; x_wconf 71' lang='lat' dir='ltr'>dictaturae</span> <span class='ocrx_word' id='word_1_244' title='bbox 1376 3187 1450 3229; x_wconf 80' lang='lat' dir='ltr'>ne</span> <span class='ocrx_word' id='word_1_245' title='bbox 1510 3188 1579 3228; x_wconf 81' lang='lat' dir='ltr'>ea</span> <span class='ocrx_word' id='word_1_246' title='bbox 1640 3166 1875 3251; x_wconf 84' lang='lat' dir='ltr'>quidem</span> <span class='ocrx_word' id='word_1_247' title='bbox 1933 3175 2118 3230; x_wconf 78' lang='lat' dir='ltr'>certa.</span> <span class='ocrx_word' id='word_1_248' title='bbox 2181 3174 2246 3230; x_wconf 81' lang='lat' dir='ltr'>et</span> <span class='ocrx_word' id='word_1_249' title='bbox 2303 3165 2409 3230; x_wconf 91' lang='lat' dir='ltr'>III</span> <span class='ocrx_word' id='word_1_250' title='bbox 2459 3166 2518 3229; x_wconf 81' lang='lat'>2.</span> <span class='ocrx_word' id='word_1_251' title='bbox 2578 3168 2631 3229; x_wconf 92' lang='lat'>1.</span> <span class='ocrx_word' id='word_1_252' title='bbox 2693 3168 2768 3231; x_wconf 89' lang='lat' dir='ltr'>de</span> 
     </span>
     <span class='ocr_line' id='line_1_27' title="bbox 372 3272 2765 3355; baseline 0 -18"><span class='ocrx_word' id='word_1_253' title='bbox 372 3280 593 3337; x_wconf 69' lang='lat' dir='ltr'>ambitu</span> <span class='ocrx_word' id='word_1_254' title='bbox 628 3272 930 3355; x_wconf 71' lang='lat' dir='ltr'>postulati</span> <span class='ocrx_word' id='word_1_255' title='bbox 972 3278 1113 3335; x_wconf 70' lang='lat' dir='ltr'>eunt</span> <span class='ocrx_word' id='word_1_256' title='bbox 1151 3292 1347 3335; x_wconf 69' lang='lat' dir='ltr'>omnes</span> <span class='ocrx_word' id='word_1_257' title='bbox 1390 3272 1497 3355; x_wconf 77' lang='lat' dir='ltr'>qni</span> <span class='ocrx_word' id='word_1_258' title='bbox 1542 3272 1908 3335; x_wconf 67' lang='lat' dir='ltr'>consulatum</span> <span class='ocrx_word' id='word_1_259' title='bbox 1951 3278 2181 3351; x_wconf 70' lang='lat' dir='ltr'>petunt.</span> <span class='ocrx_word' id='word_1_260' title='bbox 2234 3308 2314 3319; x_wconf 94' lang='lat'>-·</span> <span class='ocrx_word' id='word_1_261' title='bbox 2359 3272 2483 3336; x_wconf 71' lang='lat' dir='ltr'>Res</span> <span class='ocrx_word' id='word_1_262' title='bbox 2521 3272 2765 3337; x_wconf 76' lang='lat' dir='ltr'>videtur</span> 
     </span>
     <span class='ocr_line' id='line_1_28' title="bbox 371 3376 2763 3461; baseline 0 -19"><span class='ocrx_word' id='word_1_263' title='bbox 371 3386 631 3461; x_wconf 69' lang='lat' dir='ltr'>spectare</span> <span class='ocrx_word' id='word_1_264' title='bbox 691 3381 775 3443; x_wconf 82' lang='lat' dir='ltr'>ad</span> <span class='ocrx_word' id='word_1_265' title='bbox 832 3383 1247 3459; x_wconf 68' lang='lat' dir='ltr'>inter-requam.</span> <span class='ocrx_word' id='word_1_266' title='bbox 1319 3378 1595 3441; x_wconf 73' lang='lat' dir='ltr'>C&#39;oneulee</span> <span class='ocrx_word' id='word_1_267' title='bbox 1654 3376 1892 3441; x_wconf 69' lang='lat' dir='ltr'>comitia</span> <span class='ocrx_word' id='word_1_268' title='bbox 1937 3378 2150 3441; x_wconf 73' lang='lat' dir='ltr'>habore</span> <span class='ocrx_word' id='word_1_269' title='bbox 2194 3378 2443 3460; x_wconf 76' lang='lat' dir='ltr'>cupiunt</span> <span class='ocrx_word' id='word_1_270' title='bbox 2455 3426 2472 3455; x_wconf 92' lang='lat'>,</span> <span class='ocrx_word' id='word_1_271' title='bbox 2525 3381 2616 3442; x_wconf 85' lang='lat' dir='ltr'>rei</span> <span class='ocrx_word' id='word_1_272' title='bbox 2661 3401 2763 3443; x_wconf 75' lang='lat' dir='ltr'>no·</span> 
     </span>
     <span class='ocr_line' id='line_1_29' title="bbox 372 3482 2766 3549; baseline 0.001 -3"><span class='ocrx_word' id='word_1_273' title='bbox 372 3486 523 3548; x_wconf 63' lang='lat' dir='ltr'>limi.</span> <span class='ocrx_word' id='word_1_274' title='bbox 574 3522 659 3533; x_wconf 92' lang='lat'>--</span> <span class='ocrx_word' id='word_1_275' title='bbox 706 3484 1007 3548; x_wconf 70' lang='lat' dir='ltr'>Domitius</span> <span class='ocrx_word' id='word_1_276' title='bbox 1052 3506 1179 3546; x_wconf 80' lang='lat' dir='ltr'>cum</span> <span class='ocrx_word' id='word_1_277' title='bbox 1225 3484 1517 3547; x_wconf 67' lang='lat' dir='ltr'>Messalla</span> <span class='ocrx_word' id='word_1_278' title='bbox 1560 3493 1758 3547; x_wconf 70' lang='lat' dir='ltr'>cerm</span> <span class='ocrx_word' id='word_1_279' title='bbox 1803 3504 1928 3546; x_wconf 70' lang='lat' dir='ltr'>esee</span> <span class='ocrx_word' id='word_1_280' title='bbox 1975 3484 2306 3547; x_wconf 73' lang='lat' dir='ltr'>videbatur.</span> <span class='ocrx_word' id='word_1_281' title='bbox 2401 3482 2486 3547; x_wconf 81' lang='lat' dir='ltr'>Et</span> <span class='ocrx_word' id='word_1_282' title='bbox 2530 3482 2650 3549; x_wconf 89' lang='lat' dir='ltr'>hoc</span> <span class='ocrx_word' id='word_1_283' title='bbox 2699 3488 2766 3549; x_wconf 79' lang='lat' dir='ltr'>et</span> 
     </span>
     <span class='ocr_line' id='line_1_30' title="bbox 370 3588 2764 3675; baseline 0 -20"><span class='ocrx_word' id='word_1_284' title='bbox 370 3592 659 3675; x_wconf 85' lang='lat' dir='ltr'>sequenti</span> <span class='ocrx_word' id='word_1_285' title='bbox 720 3610 879 3655; x_wconf 90' lang='lat' dir='ltr'>anno</span> <span class='ocrx_word' id='word_1_286' title='bbox 945 3588 1086 3674; x_wconf 88' lang='lat'>(53)</span> <span class='ocrx_word' id='word_1_287' title='bbox 1152 3594 1263 3654; x_wconf 88' lang='lat' dir='ltr'>aut</span> <span class='ocrx_word' id='word_1_288' title='bbox 1322 3588 1669 3673; x_wconf 86' lang='lat' dir='ltr'>Pompeius</span> <span class='ocrx_word' id='word_1_289' title='bbox 1719 3594 1834 3654; x_wconf 89' lang='lat' dir='ltr'>aut</span> <span class='ocrx_word' id='word_1_290' title='bbox 1871 3588 2168 3674; x_wconf 88' lang='lat' dir='ltr'>Pompeii</span> <span class='ocrx_word' id='word_1_291' title='bbox 2217 3588 2564 3655; x_wconf 83' lang='lat' dir='ltr'>familiares</span> <span class='ocrx_word' id='word_1_292' title='bbox 2614 3588 2764 3655; x_wconf 89' lang='lat' dir='ltr'>Dic-</span> 
     </span>
     <span class='ocr_line' id='line_1_31' title="bbox 372 3692 2764 3789; baseline 0.001 -28"><span class='ocrx_word' id='word_1_293' title='bbox 372 3701 643 3761; x_wconf 77' lang='lat' dir='ltr'>tatorem</span> <span class='ocrx_word' id='word_1_294' title='bbox 716 3716 865 3760; x_wconf 83' lang='lat' dir='ltr'>eum</span> <span class='ocrx_word' id='word_1_295' title='bbox 932 3692 1068 3759; x_wconf 85' lang='lat' dir='ltr'>fieri</span> <span class='ocrx_word' id='word_1_296' title='bbox 1126 3694 1468 3789; x_wconf 79' lang='lat' dir='ltr'>cupiebant</span> <span class='ocrx_word' id='word_1_297' title='bbox 1531 3699 1596 3759; x_wconf 90' lang='lat' dir='ltr'>et</span> <span class='ocrx_word' id='word_1_298' title='bbox 1656 3693 2016 3781; x_wconf 88' lang='lat' dir='ltr'>gliscebant</span> <span class='ocrx_word' id='word_1_299' title='bbox 2079 3693 2158 3761; x_wconf 89' lang='lat' dir='ltr'>de</span> <span class='ocrx_word' id='word_1_300' title='bbox 2221 3716 2294 3760; x_wconf 92' lang='lat' dir='ltr'>ea</span> <span class='ocrx_word' id='word_1_301' title='bbox 2337 3716 2406 3760; x_wconf 92' lang='lat' dir='ltr'>re</span> <span class='ocrx_word' id='word_1_302' title='bbox 2451 3714 2764 3763; x_wconf 87' lang='lat' dir='ltr'>rumores.</span> 
     </span>
     <span class='ocr_line' id='line_1_32' title="bbox 371 3796 2763 3884; baseline -0.002 -12"><span class='ocrx_word' id='word_1_303' title='bbox 371 3800 593 3872; x_wconf 82' lang='lat' dir='ltr'>Cicero</span> <span class='ocrx_word' id='word_1_304' title='bbox 640 3802 720 3866; x_wconf 88' lang='lat' dir='ltr'>ad</span> <span class='ocrx_word' id='word_1_305' title='bbox 769 3800 1083 3880; x_wconf 77' lang='lat' dir='ltr'>Quintum</span> <span class='ocrx_word' id='word_1_306' title='bbox 1128 3801 1389 3866; x_wconf 89' lang='lat' dir='ltr'>fratrem</span> <span class='ocrx_word' id='word_1_307' title='bbox 1438 3799 1552 3865; x_wconf 94' lang='grc' dir='ltr'><strong>ΙΙΙ.</strong></span> <span class='ocrx_word' id='word_1_308' title='bbox 1601 3796 1663 3864; x_wconf 88' lang='lat'>8.</span> <span class='ocrx_word' id='word_1_309' title='bbox 1717 3798 1777 3863; x_wconf 91' lang='lat'>4.</span> <span class='ocrx_word' id='word_1_310' title='bbox 1829 3802 1954 3866; x_wconf 69' lang='lat' dir='ltr'>Res</span> <span class='ocrx_word' id='word_1_311' title='bbox 1989 3802 2305 3884; x_wconf 79' lang='lat' dir='ltr'>prolatae.-</span> <span class='ocrx_word' id='word_1_312' title='bbox 2352 3802 2432 3863; x_wconf 83' lang='lat' dir='ltr'>ad</span> <span class='ocrx_word' id='word_1_313' title='bbox 2475 3802 2763 3884; x_wconf 65' lang='lat' dir='ltr'>mer-req-</span> 
     </span>
     <span class='ocr_line' id='line_1_33' title="bbox 368 3906 2762 3993; baseline 0.002 -22"><span class='ocrx_word' id='word_1_314' title='bbox 368 3930 511 3971; x_wconf 81' lang='lat' dir='ltr'>mcm</span> <span class='ocrx_word' id='word_1_315' title='bbox 570 3906 805 3971; x_wconf 71' lang='lat' dir='ltr'>comitia</span> <span class='ocrx_word' id='word_1_316' title='bbox 850 3906 1123 3969; x_wconf 76' lang='lat' dir='ltr'>adducta.</span> <span class='ocrx_word' id='word_1_317' title='bbox 1220 3906 1449 3969; x_wconf 80' lang='lat' dir='ltr'>Rumor</span> <span class='ocrx_word' id='word_1_318' title='bbox 1495 3907 1834 3971; x_wconf 69' lang='lat' dir='ltr'>dictaturae</span> <span class='ocrx_word' id='word_1_319' title='bbox 1879 3908 2248 3970; x_wconf 74' lang='lat' dir='ltr'>iniucundus</span> <span class='ocrx_word' id='word_1_320' title='bbox 2297 3906 2462 3971; x_wconf 69' lang='lat' dir='ltr'>bonis</span> <span class='ocrx_word' id='word_1_321' title='bbox 2509 3912 2576 3973; x_wconf 86' lang='lat' dir='ltr'>et</span> <span class='ocrx_word' id='word_1_322' title='bbox 2619 3915 2762 3993; x_wconf 81' lang='lat' dir='ltr'>post</span> 
     </span>
     <span class='ocr_line' id='line_1_34' title="bbox 366 4010 2756 4099; baseline 0 -20"><span class='ocrx_word' id='word_1_323' title='bbox 366 4034 601 4099; x_wconf 85' lang='lat' dir='ltr'>pauca:</span> <span class='ocrx_word' id='word_1_324' title='bbox 668 4013 827 4077; x_wconf 64' lang='lat' dir='ltr'>Milo</span> <span class='ocrx_word' id='word_1_325' title='bbox 887 4012 943 4075; x_wconf 70' lang='lat' dir='ltr'>ei</span> <span class='ocrx_word' id='word_1_326' title='bbox 990 4012 1099 4074; x_wconf 80' lang='lat' dir='ltr'>ille</span> <span class='ocrx_word' id='word_1_327' title='bbox 1150 4010 1547 4097; x_wconf 89' lang='lat' dir='ltr'>(Pompeius)</span> <span class='ocrx_word' id='word_1_328' title='bbox 1596 4012 1869 4077; x_wconf 87' lang='lat' dir='ltr'>dictator</span> <span class='ocrx_word' id='word_1_329' title='bbox 1892 4014 2114 4095; x_wconf 66' lang='lat' dir='ltr'>sactus</span> <span class='ocrx_word' id='word_1_330' title='bbox 2158 4016 2240 4076; x_wconf 72' lang='lat' dir='ltr'>eit</span> <span class='ocrx_word' id='word_1_331' title='bbox 2277 4034 2472 4095; x_wconf 76' lang='lat' dir='ltr'>paene</span> <span class='ocrx_word' id='word_1_332' title='bbox 2517 4013 2756 4097; x_wconf 71' lang='lat' dir='ltr'>diffidit.</span> 
     </span>
     <span class='ocr_line' id='line_1_35' title="bbox 368 4116 2756 4202; baseline -0.001 -17"><span class='ocrx_word' id='word_1_333' title='bbox 368 4125 433 4185; x_wconf 86' lang='lat' dir='ltr'>et</span> <span class='ocrx_word' id='word_1_334' title='bbox 492 4120 649 4186; x_wconf 89' lang='lat' dir='ltr'>ibid.</span> <span class='ocrx_word' id='word_1_335' title='bbox 709 4117 823 4183; x_wconf 91' lang='grc' dir='ltr'><strong>ΙΙΙ.</strong></span> <span class='ocrx_word' id='word_1_336' title='bbox 892 4118 954 4181; x_wconf 88' lang='lat'>9.</span> <span class='ocrx_word' id='word_1_337' title='bbox 1024 4116 1088 4181; x_wconf 84' lang='lat'>2.</span> <span class='ocrx_word' id='word_1_338' title='bbox 1154 4118 1320 4181; x_wconf 77' lang='lat' dir='ltr'>video</span> <span class='ocrx_word' id='word_1_339' title='bbox 1370 4118 1718 4181; x_wconf 64' lang='lat' dir='ltr'>Messallam</span> <span class='ocrx_word' id='word_1_340' title='bbox 1760 4128 2025 4181; x_wconf 68' lang='lat' dir='ltr'>nostrum</span> <span class='ocrx_word' id='word_1_341' title='bbox 2078 4119 2370 4181; x_wconf 70' lang='lat' dir='ltr'>consulem</span> <span class='ocrx_word' id='word_1_342' title='bbox 2414 4124 2471 4182; x_wconf 73' lang='lat' dir='ltr'>ei</span> <span class='ocrx_word' id='word_1_343' title='bbox 2503 4142 2620 4202; x_wconf 83' lang='lat' dir='ltr'>per</span> <span class='ocrx_word' id='word_1_344' title='bbox 2664 4126 2756 4183; x_wconf 80' lang='lat' dir='ltr'>in-</span> 
     </span>
     <span class='ocr_line' id='line_1_36' title="bbox 369 4224 2760 4308; baseline 0.001 -20"><span class='ocrx_word' id='word_1_345' title='bbox 369 4236 645 4308; x_wconf 76' lang='lat' dir='ltr'>terreqem</span> <span class='ocrx_word' id='word_1_346' title='bbox 708 4226 837 4289; x_wconf 73' lang='lat' dir='ltr'>sine</span> <span class='ocrx_word' id='word_1_347' title='bbox 898 4224 1121 4287; x_wconf 78' lang='lat' dir='ltr'>iudicio</span> <span class='ocrx_word' id='word_1_348' title='bbox 1143 4272 1156 4295; x_wconf 89' lang='lat'><strong>‚</strong></span> <span class='ocrx_word' id='word_1_349' title='bbox 1219 4228 1275 4287; x_wconf 69' lang='lat' dir='ltr'>ei</span> <span class='ocrx_word' id='word_1_350' title='bbox 1320 4246 1435 4305; x_wconf 82' lang='lat' dir='ltr'>per</span> <span class='ocrx_word' id='word_1_351' title='bbox 1482 4224 1820 4287; x_wconf 74' lang='lat' dir='ltr'>dictatorem</span> <span class='ocrx_word' id='word_1_352' title='bbox 1869 4231 2066 4287; x_wconf 78' lang='lat' dir='ltr'>tamen</span> <span class='ocrx_word' id='word_1_353' title='bbox 2112 4224 2241 4287; x_wconf 76' lang='lat' dir='ltr'>eine</span> <span class='ocrx_word' id='word_1_354' title='bbox 2275 4228 2564 4307; x_wconf 76' lang='lat' dir='ltr'>periculo.</span> <span class='ocrx_word' id='word_1_355' title='bbox 2665 4226 2760 4291; x_wconf 81' lang='lat' dir='ltr'>De</span> 
     </span>
     <span class='ocr_line' id='line_1_37' title="bbox 366 4329 2756 4417; baseline 0.001 -24"><span class='ocrx_word' id='word_1_356' title='bbox 366 4332 653 4394; x_wconf 76' lang='lat' dir='ltr'>dictatore</span> <span class='ocrx_word' id='word_1_357' title='bbox 720 4338 913 4395; x_wconf 76' lang='lat' dir='ltr'>tamen</span> <span class='ocrx_word' id='word_1_358' title='bbox 976 4330 1171 4393; x_wconf 76' lang='lat' dir='ltr'>adhuc</span> <span class='ocrx_word' id='word_1_359' title='bbox 1228 4330 1390 4392; x_wconf 72' lang='lat' dir='ltr'>nihil</span> <span class='ocrx_word' id='word_1_360' title='bbox 1452 4336 1574 4394; x_wconf 73' lang='lat' dir='ltr'>eet:</span> <span class='ocrx_word' id='word_1_361' title='bbox 1634 4329 1958 4411; x_wconf 70' lang='lat' dir='ltr'>Pompeius</span> <span class='ocrx_word' id='word_1_362' title='bbox 2019 4330 2196 4394; x_wconf 69' lang='lat' dir='ltr'>abest.</span> <span class='ocrx_word' id='word_1_363' title='bbox 2291 4330 2470 4395; x_wconf 85' lang='lat' dir='ltr'>Haec</span> <span class='ocrx_word' id='word_1_364' title='bbox 2517 4332 2756 4417; x_wconf 84' lang='lat' dir='ltr'>scripta</span> 
     </span>
     <span class='ocr_line' id='line_1_38' title="bbox 368 4432 2758 4521; baseline 0 -19"><span class='ocrx_word' id='word_1_365' title='bbox 368 4444 517 4502; x_wconf 87' lang='lat' dir='ltr'>sunt</span> <span class='ocrx_word' id='word_1_366' title='bbox 580 4444 721 4521; x_wconf 84' lang='lat' dir='ltr'>post</span> <span class='ocrx_word' id='word_1_367' title='bbox 782 4435 1105 4500; x_wconf 87' lang='lat' dir='ltr'>Kalendas</span> <span class='ocrx_word' id='word_1_368' title='bbox 1152 4434 1480 4499; x_wconf 87' lang='lat' dir='ltr'>Ianuarias</span> <span class='ocrx_word' id='word_1_369' title='bbox 1528 4436 1677 4499; x_wconf 88' lang='lat' dir='ltr'>anni</span> <span class='ocrx_word' id='word_1_370' title='bbox 1725 4432 1830 4497; x_wconf 82' lang='lat'>53.</span> <span class='ocrx_word' id='word_1_371' title='bbox 1927 4434 2198 4499; x_wconf 86' lang='lat' dir='ltr'>Fiebant</span> <span class='ocrx_word' id='word_1_372' title='bbox 2243 4438 2486 4501; x_wconf 85' lang='lat' dir='ltr'>interea</span> <span class='ocrx_word' id='word_1_373' title='bbox 2531 4434 2644 4501; x_wconf 90' lang='lat' dir='ltr'>alii</span> <span class='ocrx_word' id='word_1_374' title='bbox 2693 4442 2758 4503; x_wconf 83' lang='lat' dir='ltr'>et</span> 
     </span>
    </p>
   </div>
  </div>
 </body>
</html>
