3369 5142
614 300 745 367 434
1610 323 1994 375 rucuma

612 493 896 565 πηλίνους
959 493 1319 575 ἀνδριάντας
1382 498 1573 573 novi,
1642 500 1748 563 sed
1813 498 2054 563 fiunt-ne
2115 500 2312 563 etiam
2359 516 2501 563 arae
2549 518 2626 562 ex
2671 496 2811 562 luto
2855 498 2989 563 sive

612 598 843 686 argilla
910 606 973 665 et
1034 602 1087 665 si
1148 598 1330 675 fient,
1381 624 1493 666 cur
1538 624 1755 668 mures
1803 626 1905 669 eas
1953 601 2296 669 adrodent?
2344 604 2558 669 Mures
2607 610 2822 668 autem
2869 626 2989 667 τοι·
3043 682 3056 695 ·

608 706 880 785 χωρύχοι
954 716 1102 771 sunt
1171 713 1233 772 et
1306 708 1667 792 perfodiunt
1729 714 2016 794 parietes.
2083 712 2350 791 Τοίχους
2416 711 2739 789 διορύττειν
2806 732 2988 795 saepe

607 810 879 899 legitur,
928 814 1133 879 veluti
1182 814 1349 898 apud
1399 814 1595 879 Arist.
1648 816 1823 879 Plut.
1875 815 2041 880 565:

699 919 863 983 πάνυ
909 922 1032 998 γὰρ
1079 920 1367 985 κλέπτειν
1415 921 1659 998 κόσμιόν
1707 924 1830 989 ἕςιν
1878 924 1982 987 καὶ
2031 923 2169 995 τοὺς
2219 922 2466 1004 τοίχους
2515 922 2856 1001 διορύττειν.

607 1024 837 1091 Suidas
907 1030 1013 1111 qui
1039 1076 1054 1103 ,
1116 1028 1281 1112 quod
1340 1048 1481 1092 raro
1544 1027 1648 1104 fit,
1715 1050 1882 1093 nunc
1946 1030 2205 1114 quidem
2270 1029 2595 1094 meliorem
2646 1028 2986 1095 lectionem

608 1134 863 1199 exhibet
934 1154 1125 1219 quam
1199 1134 1471 1198 Photius
1543 1154 1731 1218 quem
1803 1136 2136 1212 describit,
2213 1136 2424 1216 τοίχου
2497 1136 2645 1209 ὀπὴν
2708 1132 2987 1219 appellat

606 1240 1057 1319 τοιχωρύχηροα
1104 1249 1337 1317 γαλῆς.
1434 1240 1555 1303 Sed
1603 1242 1756 1324 quid
1804 1239 2030 1326 plura?

1057 1346 1133 1409 ἂν
1178 1350 1299 1422 μῦς
1349 1344 1579 1427 διορύξῃ
1628 1355 1915 1427 τοῖχον
1965 1348 2109 1411 ὄντα
2160 1352 2442 1421 πήλινον·

607 1454 726 1519 hoc
786 1453 1117 1541 intelligo:
1169 1452 1393 1517 deinde
1440 1454 1757 1537 perforato
1807 1457 2046 1537 pariete
2093 1458 2270 1521 venit
2315 1478 2462 1521 mus
2507 1458 2573 1519 in
2620 1454 2987 1541 granarium

603 1562 820 1646 ibique
880 1563 1127 1627 invenit
1187 1578 1311 1625 non
1382 1556 1661 1623 θύλακον
1724 1562 2010 1640 ἀλφίτων
2061 1562 2336 1645 (μεςύν),
2387 1562 2496 1627 sed
2544 1552 2826 1625 θύλακον
2869 1562 2984 1623 ἀλ-

605 1667 891 1748 φιτηρὸν·
962 1668 1131 1732 hunc
1202 1667 1439 1731 arrodit
1508 1673 1573 1731 et
1643 1670 2066 1752 superstitiosi
2139 1670 2428 1734 homines
2489 1674 2854 1753 portentum
2914 1654 2981 1731 id

606 1796 738 1839 esse
798 1776 1184 1841 existimant.
1284 1773 1449 1853 Quid
1516 1780 1730 1837 autem
1793 1775 2072 1859 proderit
2127 1776 2340 1853 βωμὸν
2387 1772 2755 1856 διορύττεινῖ
2800 1774 2982 1840 Nihil

606 1882 931 1946 conditum
978 1886 1223 1965 servat,
1272 1900 1397 1966 quo
1444 1900 1589 1944 mus
1638 1886 1950 1947 vescatur.
1998 1882 2267 1947 Babrius
2315 1886 2598 1969 scripsit:
2791 1874 2798 1881 ’

1055 1992 1272 2065 ἀπῆγε
1320 1984 1422 2049 τὸν
1466 1990 1589 2061 μῦν
1636 1987 1738 2050 τὸν
1788 1986 2085 2064 γεηπόνον
2133 1990 2358 2059 πείσας

1048 2096 1129 2166 εἷς
1182 2090 1336 2158 οἶκον
1383 2088 1591 2155 ἐλθεῖν
1653 2094 1768 2156 ὑπό
1815 2118 1886 2157 τε
1934 2103 2143 2173 τοῖχον
2191 2093 2532 2177 ἀνθρώπου.

603 2202 675 2269 Id
722 2206 1009 2288 superest
1054 2201 1302 2283 videre,
1356 2198 1671 2285 quomodo
1719 2208 1927 2280 τοῖχον
1974 2204 2040 2265 in
2089 2202 2300 2279 βωμὸν
2348 2204 2520 2267 abire
2565 2205 2866 2286 potuerit.

689 2411 763 2473 P.
830 2408 960 2475 618
1022 2410 1389 2475 Meinekius
1446 2410 1671 2473 incerti
1717 2415 1939 2495 poetae
1986 2414 2426 2476 testimonium
2475 2432 2510 2475 e
2557 2408 2834 2475 Diodoro
2881 2408 2975 2473 Si-

600 2517 744 2582 culo
814 2516 991 2582 affert
1052 2517 1129 2582 de
1190 2512 1557 2582 Charondae
1621 2514 1802 2604 lege,
1865 2538 1943 2582 ne
2006 2520 2149 2602 quis
2195 2517 2413 2584 liberis
2462 2518 2595 2582 suis
2641 2536 2976 2582 novercam

600 2625 811 2690 daret:
860 2631 985 2689 tres
1030 2626 1333 2709 postremi
1380 2645 1599 2689 versus
1641 2626 1734 2688 ita
1783 2625 2081 2690 audiunt:

962 2729 1073 2796 εἴτ’
1120 2730 1423 2809 ἐπέτυχες
1472 2731 1633 2814 γάρ,
1680 2739 1871 2811 <pao-1.
1919 2735 2136 2808 γήμας
2185 2732 2258 2795 τὸ
2301 2730 2579 2812 πρότερον

960 2840 1261 2916 εὐημερῶν
1308 2837 1880 2902 καταπαυσον·
1933 2839 2043 2902 εἴτ’
2087 2842 2190 2903 οὐκ
2229 2839 2559 2918 ἐπέτυχες,

958 2944 1213 3020 μανικὸν
1261 2945 1329 3007 τὸ
1378 2953 1593 3022 πεῖραν
1643 2942 1925 3022 δευτέροις
1976 2945 2202 3023 λαβεῖν
2251 2946 2464 3009 πάλιν.

596 3052 955 3120 Meinekius
1000 3072 1112 3136 pro
1161 3051 1567 3115 καταπαυσον
1614 3053 1972 3133 suspicatur
2016 3050 2356 3138 legendum
2411 3073 2545 3116 esse
2591 3051 2972 3116 κατάλυσον·

596 3162 887 3247 equidem
945 3159 1291 3224 incideram
1348 3160 1410 3222 in
1483 3156 1953 3240 ἀγάπησον,
2017 3159 2184 3242 quod
2243 3161 2390 3224 vide
2435 3180 2515 3224 an
2561 3165 2855 3244 praestet.
2903 3159 2976 3224 P.

600 3269 731 3334 642
800 3291 877 3333 ex
940 3266 1267 3353 Hesychio
1330 3265 1614 3330 affertur:
1682 3265 2171 3345 κυνόφαλοι·
2219 3263 2510 3346 Κορίνθιοι
2559 3267 2794 3343 φυλή.
2842 3267 2980 3330 Pri-

596 3399 782 3442 mum
844 3396 990 3440 cum
1050 3372 1375 3437 Meinekio
1436 3374 1946 3450 κυνόφαλλοι
2011 3375 2311 3448 restituo,
2364 3373 2588 3436 deinde
2635 3378 2752 3438 sub
2799 3377 2970 3453 φυλή

594 3485 791 3549 latere
840 3483 1139 3547 dixerim:
1193 3479 1674 3560 ἰθύφαλλοι.
1731 3476 1805 3542 P.
1855 3477 1986 3542 652
2034 3483 2352 3544 senarium
2399 3481 2494 3544 ita
2541 3479 2831 3565 suppleo:

955 3589 1088 3664 βαὺ
1136 3585 1269 3664 βαὺ
1317 3585 1696 3674 (βαΰζων)
1751 3585 1854 3650 καὶ
1907 3587 2076 3658 κυνὸς
2127 3585 2330 3666 Φωνῆν
2377 3586 2511 3655 ἱείς.

594 3699 670 3764 Ρ.
724 3693 856 3759 654
902 3693 1157 3758 affertur
1202 3691 1584 3758 versiculus:

968 3801 1169 3877 ἥμην
1218 3800 1359 3864 ποτ’
1408 3801 1617 3877 ἥμην
1663 3807 1781 3863 τῶν
1827 3797 2222 3880 σφριγῶντων
2271 3801 2331 3862 ἕν
2378 3799 2602 3877 λόγοις.

594 3911 971 3984 Favorinus,
1036 3910 1145 3972 cui
1192 3906 1403 3971 locum
1454 3907 1792 3984 debemus,
1845 3905 2065 3971 attulit
2111 3912 2364 3992 propter
2410 3929 2550 3973 eam
2598 3909 2803 3994 ipsam
2852 3909 2974 3973 for-

596 4039 774 4084 mam
822 4015 1017 4093 ἥμην,
1066 4013 1208 4090 sed,
1258 4015 1313 4077 si
1358 4015 1513 4077 satis
1560 4016 1860 4098 antiquus
1906 4034 2124 4078 versus
2171 4019 2295 4092 est,
2335 4015 2541 4081 malo:
2589 4014 2626 4092 ἦ
2641 4041 2788 4090 μεν
2835 4020 2971 4082 ποτ’

597 4119 824 4202 ἦμεν,
874 4129 951 4186 ut
994 4125 1062 4185 in
1109 4119 1560 4205 Spartanorum
1610 4118 1960 4196 cantilena,
2011 4120 2418 4186 Proverbium
2471 4143 2529 4206 p.
2583 4121 2742 4187 650:

1050 4227 1201 4308 πεζῇ
1251 4225 1607 4307 βαδίζω,
1655 4234 1772 4289 νεῖν
1821 4227 1946 4306 γὰρ
1995 4229 2099 4290 οὐκ
2149 4227 2504 4311 §wls-arsat„

594 4340 699 4406 vel
758 4359 915 4424 puer
960 4335 1270 4422 corrigat,
1324 4355 1470 4398 nam
1520 4332 1743 4414 βάδιζε
1791 4337 2134 4418 requiritur
2197 4342 2270 4400 ut
2317 4337 2484 4420 apud
2531 4337 2688 4402 alios
2733 4337 2974 4427 legitur

594 4445 747 4534 πεζῇ
806 4443 1087 4526 πορεύου,
1152 4464 1273 4508 non
1335 4443 1686 4523 πορεύομαι.
1745 4441 1887 4505 Non
1957 4445 2206 4526 scripsit
2251 4441 2654 4529 Phrynichus
2702 4466 2801 4532 ap.
2849 4447 2968 4514 Bk.
