3369 5142
624 273 754 356 170
1600 301 2038 356 wnucrmmu.

618 478 820 564 possit
860 476 1303 542 huiuscemodi
1342 475 1501 560 loco,
1542 477 1619 542 ab
1678 477 1814 544 illis
1853 484 1990 544 toto
2027 476 2200 544 coelo
2228 478 2478 544 diverso
2496 527 2514 562 ,
2537 475 2752 564 legere
2775 471 3012 558 πράξῃῐ

712 581 865 648 VIII
934 580 1045 658 58,
1109 580 1169 646 6.
1234 582 1770 660 Λακεδαιμονίους
1833 583 1897 648 δὲ
1945 584 2048 647 καὶ
2097 583 2236 654 τοὺς
2283 581 2702 664 ξυμμάχους,
2751 583 2902 658 ἐπὴν
2945 583 3018 648 αἱ

624 689 935 767 βασιλέως
988 697 1121 764 νῆες
1168 690 1559 768 άφίκωνται,
1608 690 1726 762 τὰς
1771 691 2002 754 ἑαυτῶν
2049 693 2198 762 ναῦς
2248 690 2316 764 ἢν
2361 690 2710 766 βούλωνται
2745 690 3014 770 τρέφειν,

622 796 653 859 έ
668 792 747 877 φ’
798 795 1127 868 ἑαυτοῖς
1178 789 1421 861 εἶναι.
1472 793 1834 860 Audiamus
1879 797 2274 880 interpretes.
2326 791 2612 859 Classen:
2669 805 2880 872 ,,Λακ.
2925 832 3012 845 -—

624 901 911 982 »τρέφειν
957 899 1287 988 εὼὴέἱηςὶς
1332 920 1459 966 von
1509 900 1613 980 ἐφ’
1665 937 1750 948 -
1801 897 1989 965 εἷναιε
2039 921 2106 966 es
2151 901 2328 966 stehe
2375 902 2478 966 bei
2521 901 2750 974 ihnen‚
2800 903 2878 968 ob
2917 904 3012 968 sie

623 1007 769 1086 „die
819 1004 1283 1092 unterhaltung
1333 1005 1505 1070 ihrer
1550 1003 1783 1072 Schiffe
1835 1006 2033 1070 selbst
2079 1005 2512 1071 iibernehmen
2556 1006 2880 1072 wurden.”
2924 1008 3016 1073 At

619 1113 715 1177 ita
760 1119 927 1178 certe
974 1111 1379 1177 scribendum
1424 1111 1632 1176 fuerat
1678 1112 1708 1174 ε’
1727 1115 1796 1174 π’
1849 1135 1892 1174 α
1912 1113 1945 1174 ὐ
1967 1118 2164 1184 τοῖς.
2215 1111 2397 1190 Quod
2444 1117 2712 1178 sensisse
2757 1112 3012 1178 videtur

618 1217 1001 1296 Boehmius,
1066 1219 1177 1301 qui
1248 1222 1587 1282 annotans:
1656 1217 1776 1298 ἐφ’
1825 1253 1911 1266 -—
1959 1213 2112 1282 εἶναι
2171 1217 2472 1283 Priidicat
2519 1238 2644 1284 von
2691 1230 2855 1283 Λακ.
2902 1218 3008 1282 καὶ

618 1348 681 1390 τ.
728 1323 785 1401 ξ.
849 1324 1039 1388 eoum
1100 1323 1271 1386 ihren
1300 1323 1521 1405 freien
1584 1321 1660 1388 W
1654 1323 1804 1386 illen
1849 1323 2068 1400 haben,
2121 1322 2490 1408 Charybdin
2537 1326 2896 1390 evitaturus
2939 1326 3010 1388 in

620 1427 911 1516 Scyllam
958 1428 1205 1493 incidit.
1252 1428 1311 1494 N
1318 1449 1386 1492 ec
1432 1426 1700 1494 meliora
1747 1431 1991 1513 reperio
2037 1428 2206 1514 apud
2253 1428 2548 1514 reliquos.
2599 1429 2808 1496 Locus
2854 1433 3010 1515 quin

620 1541 981 1602 monstrum
1030 1533 1191 1610 alat,
1246 1533 1517 1598 dubium
1564 1553 1690 1599 non
1739 1539 1857 1600 est.
1917 1533 2060 1599 Hoc
2107 1535 2293 1600 video
2339 1537 2595 1600 omissis
2644 1535 2855 1600 verbis
2900 1535 3008 1617 ἐφ’

623 1642 860 1714 ἑαυτοῖς
925 1636 1078 1706 εἶναι
1142 1645 1206 1705 et
1264 1647 1514 1704 mutata
1558 1641 2067 1724 interpunctione
2115 1639 2196 1705 ad
2242 1639 2362 1706 hoc
2411 1640 2817 1724 exemplum:
2864 1651 3006 1706 Λα·-

622 1747 1031 1826 κεδαιμονίους
1085 1746 1146 1810 δὲ
1194 1745 1299 1810 καὶ
1350 1744 1489 1816 τοὺς
1536 1745 1950 1825 ξυμμάχους,
2001 1747 2250 1812 ἐπειδὰν
2295 1746 2411 1832 (sic
2447 1753 2806 1812 constanter
2828 1745 3008 1811 tituli

624 1855 853 1942 Attici)
920 1854 986 1918 αἱ
1048 1852 1363 1931 βασιλέως
1414 1859 1547 1926 νῆες
1594 1853 1981 1933 ἀφίκωνται,
2031 1852 2150 1924 τὰς
2199 1853 2429 1917 ἑαυτῶν
2477 1857 2658 1930 ναῦς,
2707 1853 2814 1918 ἑὰν
2859 1851 3008 1930 βού-

622 1975 885 2038 λωνται,
962 1959 1227 2041 τρέφειν.
1296 1957 1403 2022 ἐὰν
1464 1955 1527 2022 δὲ
1588 1959 1764 2036 παρὰ
1823 1957 2288 2038 Τισσαφέρνους
2339 1957 2698 2036 λαμβάνειν
2745 1956 3004 2024 ἐθέλωσι

622 2070 730 2144 τὴν
794 2067 1059 2149 τροφήν,
1120 2066 1520 2144 Τισσαφέρνη
1582 2067 1710 2148 (ins
1793 2067 1936 2150 μὲν)
1981 2063 2316 2144 παρέχειν,
2365 2065 2889 2141 Λακεδαιμονίους
2937 2064 3004 2130 δὲ

620 2173 725 2240 καὶ
790 2175 929 2245 τοὺς
988 2171 1352 2252 ξυμμάχοις
1417 2177 1841 2242 τελευτῶντας
1887 2174 1994 2236 τοῦ
2041 2169 2314 2248 πολέμου
2361 2172 2448 2236 τά
2493 2174 2800 2253 χρήματα
2853 2179 3005 2236 Τισ·

620 2280 910 2364 σαφέρνει
972 2278 1303 2344 α’ποδοῦναι
1366 2277 1540 2344 δπόσ’
1606 2277 1682 2343 ἂν
1729 2277 2047 2357 λάβωσιν,
2095 2281 2314 2344 omnia
2357 2283 2598 2364 optime
2645 2279 2996 2365 procedere.

618 2386 761 2452 Hoc
824 2405 1028 2450 unum
1088 2385 1348 2471 ambigo
1408 2391 1630 2450 utrum
1678 2386 1782 2466 ἐφ’
1829 2385 2070 2457 ἑαυτοῖς
2118 2381 2275 2450 εἶναι
2321 2388 2408 2451 sit
2453 2385 2635 2451 scioli
2681 2385 3000 2452 emblema

618 2492 791 2560 male
854 2494 1214 2580 iungentia,
1280 2497 1355 2556 ut
1417 2491 1604 2556 hodie
1667 2493 1855 2579 iungi
1917 2490 2110 2577 solet,
2158 2492 2265 2557 ἐὰν
2311 2491 2665 2569 βούλωνται
2712 2491 2994 2574 τρέφειν,

623 2622 704 2668 an
776 2601 881 2683 ἐφ’
956 2600 1193 2673 ἑαυτοῖς
1266 2604 1635 2684 corruptum
1701 2600 1788 2663 sit
1847 2620 1926 2663 ex
1985 2600 2107 2680 αφ’
2153 2600 2384 2665 ἑαυτῶν
2411 2649 2426 2676 ,
2475 2602 2521 2665 i.
2549 2621 2600 2664 e.
2660 2609 2787 2671 τοῖς
2834 2600 2998 2671 ἰδίοις

620 2706 895 2785 τέλεσιν,
948 2707 1119 2771 dicto
1166 2704 1387 2770 eadem
1428 2703 1938 2789 breviloquentia
1977 2724 2103 2788 qua
2139 2703 2495 2790 Xenophon
2535 2704 2712 2771 Hell.
2738 2704 2826 2771 IV
2865 2704 2924 2782 8,
2955 2704 2996 2771 9

620 2815 843 2881 scribit·
902 2812 1147 2892 τρέφειν
1212 2810 1281 2875 τὸ
1344 2808 1623 2874 ναυτικὸν
1684 2808 1811 2874 άπὸ
1874 2812 1992 2875 τῶν
2039 2811 2262 2887 νήσων,
2314 2815 2380 2877 et
2423 2810 2676 2887 deinde,
2741 2817 2811 2875 ut
2855 2832 2998 2877 sen-

620 2921 859 2985 tentiae
905 2916 1129 2983 saltem
1178 2916 1417 3001 species
1470 2917 1809 2992 existeret,
1860 2914 2252 3001 adscriptum
2300 2916 2386 2981 sit
2420 2912 2593 2981 εἶναι.
2642 2916 2787 2983 Non
2827 2919 2996 2983 enim

618 3025 786 3091 mihi
830 3022 1073 3110 placet,
1124 3023 1203 3089 de
1249 3042 1373 3107 quo
1420 3024 1663 3108 cogitet
1711 3022 1976 3106 aliquis:
2026 3023 2139 3094 τὰς
2193 3022 2424 3087 ἑαυτῶν
2472 3028 2654 3099 ναῦς,
2703 3024 2810 3088 ἐὰν
2855 3022 2998 3100 βου-

619 3146 847 3197 λωνται
914 3127 1158 3210 τρέφειν
1218 3125 1358 3211 αφ’
1410 3130 1748 3201 ἑαυτῶν,
1801 3126 2147 3203 ἐξεῖναι,
2198 3129 2498 3212 quoniam
2547 3133 2724 3193 licere
2768 3129 2836 3194 id
2883 3129 3000 3195 La·

520 3228 530 3239 ⁰
619 3237 1042 3304 cedaemoniis
1102 3234 1273 3301 ultro
1319 3233 1838 3322 intelligebatur,
1889 3256 2006 3299 nec
2055 3239 2183 3299 tam
2237 3234 2469 3300 diserte
2517 3234 2786 3301 debebat
2833 3234 3000 3304 affir-

618 3344 819 3421 mari,
886 3350 951 3409 et
1019 3342 1098 3408 ob
1160 3341 1425 3406 eandem
1490 3360 1744 3406 causam
1809 3341 2074 3425 repudio
2133 3338 2343 3409 lenem
2411 3343 2832 3407 mutationem
2897 3343 2996 3405 ἐπ’

618 3450 830 3521 αὐτοῖς
879 3444 1033 3513 εἶναι
1081 3470 1192 3533 pro
1240 3448 1345 3528 ἐφ’
1394 3447 1633 3519 ἑαυτοῖς
1684 3442 1860 3511 εἶναι.

708 3553 860 3621 VIII
924 3554 1035 3631 63,
1101 3554 1141 3619 3
1207 3551 1413 3627 ἐπειδὴ
1462 3554 1588 3633 γάρ
1638 3553 1688 3617 οἱ
1738 3550 1871 3631 περὶ
1921 3552 2024 3614 τὸν
2072 3551 2430 3632 Πείσανδρον
2479 3552 2772 3633 πρέσβεις
2823 3555 2993 3637 παρὰ

615 3668 722 3727 τοῦ
771 3659 1231 3741 Τισσαφέρνους
1282 3660 1341 3730 ές
1389 3659 1499 3731 τήν
1547 3657 1761 3733 Σάμον
1811 3654 2015 3731 ἦλθον,
2067 3656 2152 3721 τά
2200 3680 2271 3721 τε
2319 3659 2379 3722 ἐν
2427 3661 2622 3741 [αὐτῷ
2671 3660 2793 3727 del.
2847 3683 2990 3728 cum

616 3766 967 3853 Classenio]
1036 3766 1121 3845 τῷ
1170 3765 1563 3843 ςρατεύματι
1611 3760 1700 3827 ἔτι
1749 3762 2149 3841 βεβαιότερον
2197 3763 2584 3843 κατέλαβον,
2637 3768 2744 3833 καὶ
2793 3770 2992 3833 αὐτῶν

617 3882 734 3940 τῶν
791 3872 1047 3950 Σαμίων
1110 3870 1564 3952 προυτρέψαντο
1612 3867 1792 3941 τοὺς
1841 3870 2240 3941 δυνατοὺς
2287 3868 2404 3938 ὅτε
2451 3875 2775 3953 πειρᾶσθαι
2825 3876 2994 3952 μετὰ

618 3988 789 4065 σφῶν
838 3980 1367 4060 ὅλιγαρχηθῆναι,
1411 3976 1633 4054 καίπερ
1683 3976 2127 4047 ἐπαναςάντας
2181 3978 2404 4047 αὐτοὺς
2453 3980 2848 4054 ,ἀλλήλοις
2897 3978 2994 4045 ἵνα

620 4090 709 4168 μὴ
751 4090 1237 4165 ὅλιγαρχῶνται.
1330 4082 1601 4148 Ultimis
1646 4082 1858 4147 verbis
1905 4082 2241 4167 respicitur
2287 4084 2366 4148 ad
2403 4104 2540 4168 cap.
2581 4084 2706 4150 20:
2750 4086 2994 4163 ἐγένετο

618 4196 683 4263 δὲ
730 4194 901 4260 κατὰ
946 4192 1050 4257 τὸν
1104 4190 1310 4269 χρόνον
1357 4193 1567 4253 τοῦτον
1614 4188 1718 4253 καὶ
1770 4189 1803 4263 ἧ
1853 4189 1912 4251 έν
1960 4187 2156 4268 Σάμῳ
2206 4190 2594 4264 ἐπανάςασις
2640 4196 2746 4257 τοῦ
2805 4193 2993 4269 δήμου

619 4310 777 4375 τοῖς
826 4302 1102 4370 δυνατοῖς
1150 4298 1294 4374 μετ’
1348 4294 1698 4367 Ἀθηναίων
1752 4332 1832 4343 —-
1883 4295 1986 4358 καὶ
2037 4294 2064 4359 ὅ
2112 4296 2298 4374 δῆμος
2349 4298 2404 4368 ἐς
2455 4300 2828 4377 τριακοσίους
2881 4298 2992 4377 μέν

618 4432 793 4483 τινας
866 4406 1004 4479 τοὺς
1078 4404 1322 4475 πάντας
1390 4408 1536 4467 τῶν
1601 4402 1952 4467 δυνατῶν
2013 4402 2374 4490 άτέκτεινε,
2437 4409 2864 4485 τετρακοσίους
2929 4406 2992 4471 δὲ
