3369 5142
587 289 672 362 10
1601 299 1939 357 nimime.

582 481 660 548 ἂν
720 478 1020 558 Πλάτων,
1091 477 1192 543 ἐπὶ
1253 477 1366 552 τήν
1430 477 1859 557 ’Λκαδήμειαν
1920 480 2271 562 ἀφίξομαι·
2336 478 2414 548 ἂν
2474 479 2711 556 Ζήνων,
2780 479 2841 544 ἐν
2885 486 2962 560 τῇ

580 587 836 668 Ποικίλῃ
898 583 1233 666 διατρίψω·
1299 581 1375 649 ἂν
1438 583 1805 666 Πυθαγόρας
1873 597 2075 671 καλῇ,
2134 588 2546 665 σιωπήσομαι.
2639 586 2967 652 Demonax

583 694 824 767 αναςοὶς
889 695 958 756 ἐκ
1005 690 1207 769 μέσων
1254 697 1370 755 τῶν
1415 690 1805 772 ἀκροωμένων
1856 690 2135 772 ,,Οὗτος,
2190 693 2311 776 ἔφη
2338 745 2353 772 ,
2404 700 2596 759 καλεῖ
2640 717 2708 758 σε
2756 693 2965 757 Πυθα-

583 797 836 881 γόρας.”
926 798 1195 863 Ιιιιοίεζῑι.
1243 799 1312 862 in
1358 797 1600 862 Demon.
1653 819 1789 884 cap.
1844 797 1947 865 14.
1999 799 2106 865 Sic
2151 803 2358 887 igitur
2405 799 2772 880 Πυθαγόραν
2826 798 2966 862 τινα

584 913 776 973 ποιεῖν
823 906 1029 972 iocose
1078 903 1373 968 dicebant
1418 923 1530 989 pro
1561 905 1784 988 facere
1830 917 1899 968 ut
1943 905 2168 991 aliquis
2216 907 2593 990 obmutescat,
2646 911 2711 971 et
2766 905 2971 970 Πυθα·

583 1011 762 1094 ρίζειν
831 1017 928 1076 est
989 1010 1392 1075 obmutescere.
1483 1010 1766 1076 Fatuum
1838 1013 2045 1099 igitur
2114 1018 2210 1078 est
2280 1014 2475 1079 verbo
2537 1010 2966 1092 πυθαγορίζειν

583 1119 812 1186 addere
861 1116 964 1182 καὶ
1015 1120 1291 1200 σιωπῶν,
1345 1137 1497 1181 nam
1543 1122 1643 1183 est
1684 1117 1873 1202 plene
1919 1117 2129 1196 idem,
2178 1119 2287 1185 sed
2336 1119 2455 1208 hec
2502 1117 2663 1184 serio
2710 1118 2967 1202 dicitur,
3076 1150 3083 1154 ·

584 1223 751 1290 illud
812 1244 926 1309 per
983 1224 1218 1288 iocum.
1313 1221 1554 1288 Eadem
1618 1223 1847 1290 facetia
1908 1225 2076 1289 dixit
2134 1246 2282 1312 pag.
2331 1222 2441 1289 83.
2487 1225 2557 1290 τὸ
2605 1223 2967 1302 ἀναγκαίως

587 1328 993 1409 πυθαγορικὸν
1053 1327 1297 1409 θέατρον
1360 1348 1474 1413 pro
1535 1326 1604 1404 ἐξ
1650 1329 1933 1409 ἀνάγκης
1984 1336 2220 1396 σιωπῶν
2268 1330 2335 1394 id
2382 1334 2479 1395 est
2525 1331 2823 1394 auditores
2868 1334 2973 1414 qui

585 1437 775 1502 coacti
819 1441 1105 1502 tacebant.

675 1543 752 1609 In
813 1559 947 1630 sqq.
1011 1541 1281 1608 emenda
1337 1543 1640 1608 vitiosam
1688 1543 2029 1609 verborum
2073 1543 2451 1620 divisionem
2499 1545 2567 1608 in
2613 1543 2785 1607 hunc
2832 1561 2969 1607 mo-

587 1647 780 1716 dum:
830 1649 880 1715 εἰ
924 1647 988 1714 δὲ
1027 1649 1474 1726 ἀπολογεῖσθαι
1513 1648 1783 1720 κελεύεις
1824 1654 1943 1714 τῶν
1984 1649 2143 1729 ἐμῶν
2182 1649 2431 1732 ἑταίρων
2471 1647 2641 1728 τινοὶ,
2684 1649 2970 1714 κέλευσον

588 1757 969 1834 ἀπολυθῆναι
1016 1757 1132 1821 τῶν
1182 1754 1418 1836 δεσμῶν
1465 1753 1865 1838 Προαιρέσιον.

678 1969 840 2056 Peg.
891 1966 998 2036 71.
1047 1967 1122 2039 ὦς
1168 1967 1232 2032 δὲ
1275 1971 1487 2032 ταῦτα
1535 1965 1838 2048 ἐπέτρεψε
1883 1969 2265 2056 (Proconeul)
2306 1969 2411 2034 καὶ
2444 1971 2663 2034 ‘AMA
2704 1966 2966 2040 εὐκόλως

591 2074 696 2139 καὶ
768 2083 970 2140 ΕΙΟΩ
1035 2080 1152 2138 τῶν
1216 2072 1754 2154 κατηγορουμένων
1819 2076 2131 2154 παρελθὼν
2180 2077 2265 2148 εἰς
2321 2075 2543 2153 μέσους
2592 2073 2969 2156 Προαιρέσιος

591 2179 858 2258 ἄδεσμος
922 2180 1343 2259 ἐμβοήσαντος
1408 2181 1575 2260 αὐτῷ
1623 2184 1732 2244 τοῦ
1782 2179 2206 2246 διδασκάλΟΤ
2256 2181 2511 2264 σφοδρόν
2558 2205 2629 2246 τε
2677 2181 2782 2246 καὶ
2834 2182 2971 2246 διαὶ·

589 2310 791 2371 τορον,
854 2283 1053 2366 ὥσπερ
1119 2287 1216 2351 ἐπὶ
1282 2288 1408 2365 τῶνι
1461 2291 1810 2367 ςεφανιτῶν
1868 2288 1920 2350 οἱ
1969 2287 2527 2367 παρακελευόμενοι
2576 2287 2680 2353 καὶ
2731 2287 2972 2368 προτρέ-

590 2416 848 2469 ποντες,
924 2390 1348 2470 ἐμβοήσαντος
1421 2390 1485 2455 δὲ
1547 2388 1724 2467 ὀξέως
1790 2389 1864 2456 τό
1932 2391 2223 2478 ,,λέγε,
2287 2393 2789 2475 Προαιρέσιε.
2840 2396 2973 2457 νῦν

593 2497 868 2581 καιρὸς
939 2501 1075 2562 τοῦ
1147 2495 1490 2577 λέγειν.”-
1581 2497 1881 2562 Primum
1950 2499 2153 2564 scribe
2225 2498 2330 2563 καὶ
2400 2497 2620 2564 ΜΑΛ’
2688 2496 2971 2570 εὐκόλως.

591 2605 837 2672 Deinde
896 2604 1046 2672 vide
1107 2625 1187 2669 an
1247 2602 1411 2669 nihil
1473 2604 1788 2669 desideres
1847 2604 1915 2669 in
1955 2604 2204 2671 vicinis.
2298 2605 2485 2671 Nihil
2532 2610 2750 2673 autem
2798 2602 2975 2670 eliud

591 2711 768 2778 deest
812 2731 1006 2796 quem
1051 2711 1309 2797 negatio
1361 2718 1472 2775 OT
1488 2758 1504 2789 ,
1556 2730 1684 2795 qua
1728 2712 1963 2775 amissa
2008 2730 2162 2776 sana
2206 2713 2520 2777 sententia
2566 2732 2641 2777 ex
2689 2711 2793 2776 his
2832 2729 2973 2775 ver-

589 2818 690 2885 bis
754 2820 926 2883 exire
970 2836 1096 2883 non
1145 2819 1374 2901 potest.
1466 2815 1624 2903 Leg.
1678 2814 2055 2881 διδασκάλου
2105 2826 2216 2883 OT
2266 2815 2521 2901 σφοδρόν
2570 2840 2641 2883 τε
2688 2816 2793 2881 καὶ
2841 2813 2973 2882 διά-

517 3002 520 3007 .
590 2947 754 3005 τορον
801 2922 935 2989 κτὲ.

682 3028 807 3094 Pro
869 3026 1010 3094 εἵσω
1057 3028 1174 3092 τῶν
1223 3027 1763 3108 κατηγορουμένων
1810 3028 2124 3108 παρελθών
2173 3029 2511 3096 emendant
2560 3024 2645 3103 εἷς
2696 3029 2771 3095 ὢν
2818 3036 2972 3107 τῶν,

591 3135 700 3201 sed
759 3134 927 3200 nihil
989 3140 1124 3200 erat
1185 3154 1344 3219 opus
1400 3134 1520 3200 hoc
1585 3134 1713 3199 dici
1773 3134 2214 3201 Ptoaeresium
2277 3137 2347 3201 in
2407 3156 2659 3201 reorum
2707 3156 2974 3202 numero

589 3242 786 3309 fuisse
807 3291 824 3317 ‚
891 3241 1059 3327 quod
1117 3260 1305 3306 nemo
1363 3240 1703 3306 nesciebat.
1798 3240 2060 3308 Rectius
2125 3241 2603 3308 emendabitur:
2672 3244 2799 3307 ἘΚ
2855 3248 2973 3307 τῶν

591 3347 1127 3430 κατηγορουμένων
1191 3348 1525 3429 παρελθών.
1619 3346 1715 3411 Ut
1778 3368 1998 3433 saepe,
2069 3357 2169 3413 ΕΚ
2232 3349 2301 3414 in
2369 3355 2499 3413 ele
2562 3348 2724 3414 abiit
2772 3354 2835 3413 et
2882 3350 2975 3413 sic

593 3454 733 3523 εἵσω
779 3459 1030 3521 natum.

677 3664 839 3754 Pag.
913 3661 1019 3731 72.
1093 3660 1418 3739 διαλέξεως
1489 3667 1664 3739 μιῶς.
1759 3662 1957 3729 Recte
2026 3662 2473 3751 wyttenbach.
2550 3664 2653 3729 διὰ
2726 3630 2973 3743 λέξεως.

587 3770 966 3841 Scribuntur
1010 3770 1165 3835 haec
1209 3772 1278 3834 in
1327 3766 1523 3835 Godd.
1569 3770 1961 3835 coniunctim
1982 3820 1999 3855 ,
2050 3776 2124 3835 ut
2170 3791 2362 3857 supra
2406 3773 2795 3839 notavimus.

677 3983 837 4071 Peg.
911 3981 1020 4048 73.
1117 3980 1506 4069 (Proconsul)
1582 3980 1925 4059 ἀπολαβὼν
1996 3982 2100 4047 τὸν
2174 3980 2574 4059 Θεμιςοκλέα
2648 3982 2753 4047 καὶ
2831 3980 2972 4055 τοὺς

587 4089 892 4162 Λάκωνας
941 4094 1058 4153 τῶν
1107 4088 1166 4151 ἐν
1213 4086 1680 4169 Λακεδαιμονία
1731 4088 2021 4165 μαςίγων
2076 4089 2387 4165 ὑπέμνησε
2438 4089 2708 4168 προσθεὶς
2761 4091 2973 4158 αὐτοῖς

587 4195 690 4263 καὶ
756 4200 872 4261 τῶν
929 4192 1282 4267 Ἀθηναίων.
1376 4190 1827 4279 wyttenbach.
1892 4196 2137 4279 optime
2198 4194 2259 4256 ἐν
2322 4194 2745 4271 Λακεδαίμονι
2794 4214 2975 4279 repo-

587 4304 753 4386 suit,
803 4300 969 4366 unde
1014 4298 1406 4387 intelligitur
1449 4302 1516 4363 in
1563 4318 1696 4383 sqq.
1746 4319 1971 4364 verum
2019 4320 2152 4366 esse
2199 4300 2304 4365 καὶ
2356 4307 2473 4366 τῶν
2523 4299 2809 4375 Ἀθήνησι
2858 4320 2969 4385 pro

589 4408 938 4487 Ἀθηναίων.
