3369 5142
1367 315 1756 368 oomoonuu.
2667 294 2753 365 45

456 485 694 554 Poetae
755 487 1006 554 mediae
1065 490 1426 558 comoediae
1491 491 1571 557 ad
1629 509 1817 556 omne
1861 491 2145 557 iocorum
2189 509 2395 576 genus
2440 489 2753 578 tragicam

357 595 750 681 gravitatem
795 593 1090 660 affectant
1128 600 1318 681 atque
1358 617 1437 662 ex
1476 593 1825 682 splendidis
1860 596 2087 681 pannis
2128 599 2194 662 et
2215 595 2757 681 sesquipedalibus

361 697 579 766 verbis
651 701 1018 786 aenigmata
1087 707 1475 787 componunt
1546 706 1806 786 propter
1868 701 2207 768 verborum
2271 702 2518 787 pondus
2576 703 2645 766 in
2688 721 2757 767 re

363 805 542 870 tenui
619 803 904 869 ridicula.
1002 805 1159 893 Egit
1230 807 1308 872 de
1369 828 1442 872 ea
1503 826 1571 873 re
1631 804 2003 872 Meinekius
2062 808 2130 872 in
2188 804 2475 873 Historia
2518 805 2760 874 Gritiea

363 930 424 995 p.
501 906 636 973 293
708 915 772 974 et
834 910 1070 995 ubique
1132 910 1426 998 exempla
1485 915 1809 997 prostant,
1871 932 2031 998 quae
2088 914 2445 978 maximam
2509 918 2757 999 partem

363 1014 698 1083 Athenaeo
746 1015 1072 1082 debentur.
1122 1017 1324 1084 Affert
1345 1016 1526 1084 verbi
1550 1037 1740 1084 eausa
1764 1017 1861 1084 lx
1884 1039 1948 1104 p.
1974 1015 2107 1084 396
2130 1017 2185 1084 Β
2208 1017 2591 1105 Antiphanis
2612 1017 2755 1085 illa:

1317 1122 1422 1188 καὶ
1470 1131 1687 1201 πρῶτα
1734 1123 1847 1201 μὲν

911 1223 1056 1308 αἴρω
1104 1225 1389 1306 ποθεινήν
1435 1229 1686 1312 μᾶζαν,
1732 1223 1800 1303 ἣν
1845 1229 2171 1311 Φερέσβιος

921 1337 1064 1410 Δηὼ
1112 1334 1382 1416 βροτοῖσι
1428 1337 1657 1417 χοὶρμα
1709 1335 1988 1416 δωρεῖται
2034 1337 2251 1419 Φίλον·

916 1438 1136 1507 ἔπειτα
1184 1442 1413 1508 πνικτὰ
1460 1443 1697 1521 τακεροὶ
1747 1442 2039 1520 μηκαδῶν
2076 1443 2241 1521 μέλη
2264 1493 2282 1528 ,

911 1547 1113 1628 χλόην
1159 1548 1701 1631 καταμπέχοντα,
1754 1549 1961 1629 σάρκα
2008 1557 2281 1628 νεογενῆ.

367 1651 796 1719 Mil-abundus
855 1653 1268 1722 interlocutor
1325 1670 1544 1743 rogat:
1610 1656 1675 1721 τί
1737 1655 1983 1735 λέγειςς
2048 1661 2114 1721 et
2178 1675 2552 1742 responsum
2596 1657 2761 1722 fert:

367 1757 717 1842 τραγῳδίαν
765 1761 1024 1840 περαίνω
1075 1760 1479 1843 Σοφοκλέους.
1531 1760 1743 1837 Alibi,
1795 1761 1963 1847 apud
2009 1762 2237 1827 Athen.
2292 1761 2351 1825 X
2391 1782 2455 1847 p.
2498 1759 2629 1826 449
2670 1759 2752 1839 Β,

365 1870 553 1954 rogat
613 1867 824 1932 nescio
886 1868 1031 1952 quis
1095 1868 1378 1932 amicum
1442 1865 1682 1932 velitne
1730 1866 2057 1947 Βρομιάδος
2105 1867 2327 1946 ἱδρῶτα
2378 1875 2586 1945 πηγῆς
2634 1865 2764 1932 dici

373 1970 480 2038 vel
540 1971 782 2050 λιβάδα
844 1972 1172 2054 νυμφαίαν
1244 1972 1497 2052 δροσώδη
1516 2019 1534 2050 ,
1603 1972 1710 2038 hic
1771 1980 1987 2038 autem
2046 1973 2319 2058 praefert
2387 1972 2766 2059 simpliciter

367 2079 572 2144 vinum
645 2085 712 2145 et
780 2101 990 2164 aquam
1065 2077 1404 2163 appellare.
1497 2077 1739 2145 Eodem
1810 2079 2083 2165 pertinet
2145 2081 2321 2146 iocus
2381 2079 2765 2166 Antiphanis

374 2205 440 2272 p.
486 2183 574 2250 25
621 2183 798 2250 Mle:

555 2287 944 2373 τροφαλίδας
993 2313 1064 2355 τε
1111 2290 1687 2369 λινοσάρκους,
1737 2289 2082 2369 μανθάνεις
2100 2311 2117 2370 ;
2168 2293 2337 2370 τυρὸν
2386 2290 2616 2370 λέγω.

375 2399 658 2484 Apparet
724 2417 872 2464 eum
931 2399 1041 2482 qui
1099 2397 1256 2464 haee
1317 2399 1512 2464 verba
1572 2400 1983 2483 pronunciat,
2049 2417 2346 2482 quaerere
2411 2418 2489 2463 ex
2554 2398 2763 2464 amieo

374 2506 708 2570 noveritne
765 2523 920 2590 quas
983 2503 1366 2585 τροφαλίδας
1421 2501 1807 2583 λινοσάρκους
1857 2499 2158 2588 appellst;
2213 2501 2441 2567 deinde
2485 2502 2592 2568 hie
2635 2522 2764 2568 res·

374 2611 638 2698 pondet3
693 2611 864 2690 τυρὸν
913 2612 1214 2688 λέγεις.
1267 2610 1382 2675 Est
1429 2610 1550 2676 hoe
1597 2609 1861 2696 quidem
1907 2607 2050 2675 luce
2094 2608 2366 2691 clarius,
2415 2608 2523 2675 sed
2564 2611 2767 2676 oritur

376 2716 694 2783 dubitatio
741 2716 818 2783 de
863 2716 1176 2803 adjectivo
1221 2714 1592 2797 λινόσαρκος.
1664 2715 1966 2781 Primum
2014 2718 2269 2791 mirum,
2304 2719 2437 2799 est,
2484 2716 2765 2800 primam

379 2822 698 2911 syllabam
760 2821 1059 2910 produci,
1120 2844 1271 2890 eum
1327 2827 1557 2890 natura
1601 2822 1815 2889 brevis
1859 2825 1964 2887 sit.
2059 2820 2202 2888 Hoo
2246 2822 2486 2889 vitium
2534 2826 2609 2888 ut
2659 2840 2768 2886 ex·

379 2934 664 3007 eusetur,
715 2935 1057 3014 provocant
1104 2929 1182 2995 ad
1229 2928 1560 3015 Aristoph.
1606 2927 1759 2994 Pac.
1810 2926 2023 2995 11782

648 3032 822 3119 κᾷτα
869 3034 1098 3114 φεύγει
1146 3040 1378 3115 πρῶτος
1425 3032 1623 3105 ὥσπερ
1671 3032 1891 3113 ξουθὸς
1938 3018 2443 3115 1ππαλεκτρυῶν”

652 3140 793 3214 τοὺς
840 3141 1072 3222 λόφους
1120 3139 1330 3225 σείων,
1381 3140 1502 3219 ἐγὼ
1551 3140 1603 3206 δ’
1651 3138 1845 3214 genna
1895 3140 2509 3219 λινοπτώμενος

379 3246 588 3315 Nemo
649 3252 864 3313 tamen
919 3267 995 3314 eo
1057 3248 1191 3313 loco
1249 3246 1522 3311 verbum
1580 3242 1763 3323 ἅπαξ
1822 3246 2147 3327 εἰρημένον
2195 3244 2525 3313 commode
2570 3248 2770 3313 inter-

381 3355 617 3440 pretari
685 3358 894 3439 potest
957 3358 1023 3419 et
1083 3372 1208 3418 non
1269 3371 1509 3441 magno
1553 3351 1849 3418 acumine
1896 3371 2056 3438 opus
2104 3358 2199 3417 est
2252 3350 2331 3417 ad
2386 3372 2602 3418 veram
2646 3352 2772 3419 lee-

380 3460 622 3527 tionem
688 3458 1168 3537 inveniendam,
1240 3478 1403 3544 quae
1471 3458 1636 3524 mihi
1708 3478 1841 3524 esse
1908 3457 2201 3525 videtur:
2282 3458 2405 3535 ἐγὼ
2474 3458 2529 3524 δ’
2599 3454 2771 3533 fena·

385 3564 1096 3646 ανεπτερωμίνος,
1156 3564 1324 3650 quod
1385 3563 1771 3632 vocabulum
1836 3564 2154 3649 quomodo
2198 3568 2577 3649 usurpetur,
2627 3562 2775 3631 vide

385 3676 452 3739 in
519 3672 772 3739 Avibus
817 3694 910 3739 vs.
965 3670 1142 3737 1443
1190 3676 1254 3737 et
1307 3670 1498 3735 1445.
1559 3667 1799 3736 Verum
1851 3671 2105 3736 etiamsi
2155 3672 2479 3754 quantitas
2529 3671 2777 3756 primae

386 3777 674 3867 syllabae
739 3797 863 3844 non
922 3781 1007 3843 sit
1053 3777 1414 3860 offensioni,
1463 3796 1587 3862 quo
1633 3797 1821 3843 sensu
1868 3776 2256 3858 τροφαλίδας
2305 3774 2775 3862 appellabimus

387 3880 812 3965 λινοσάρκουςῖ
871 3884 1182 3950 Provocat
1247 3882 1600 3949 Meinekius
1648 3883 1728 3949 ad
1776 3882 2015 3949 Athen.
2070 3881 2183 3947 VII
2232 3902 2293 3967 p.
2348 3880 2479 3946 300
2526 3880 2579 3947 C
2596 3930 2614 3959 ,
2665 3882 2779 3948 ubi

385 3989 680 4059 Eubulus
725 3989 1018 4071 ἐγχέλεις
1069 3987 1575 4067 λιμνοσωμάτους
1609 3986 1893 4075 appellat
1932 3993 1999 4055 et
2036 3988 2398 4073 suspicatur
2419 3986 2779 4073 Antiphani

389 4095 780 4182 τροφαλίδας
843 4094 972 4162 diei
1035 4094 1476 4177 λιχνοσάρκους
1495 4142 1513 4173 ,
1579 4093 1822 4161 Eubuli
1878 4099 2095 4160 autem
2144 4094 2438 4173 ἐγχέλεις
2484 4110 2780 4175 λιχνοσω-

390 4206 654 4282 μάτους.
751 4201 868 4268 Est
928 4222 1006 4268 ea
1065 4203 1425 4288 conjectura
1483 4202 1552 4267 in
1611 4202 1835 4288 paucis
1892 4200 2117 4267 infelix
2180 4207 2245 4266 et
2289 4198 2783 4267 Valckenaerius

386 4314 520 4399 jam
590 4308 996 4375 intellexerat
1063 4306 1357 4389 ἐγχέλεις
1421 4328 1557 4374 esse
1632 4307 1929 4374 dicendas
1998 4306 2474 4385 λειοσωμάτους.
2563 4304 2781 4392 Atque

399 4415 622 4482 eodem
689 4414 881 4481 modo
946 4414 1336 4495 τροφαλίδας
1356 4462 1374 4498 ,
1437 4413 1606 4499 quod
1651 4411 1962 4480 tenellum
2012 4420 2109 4481 est
2152 4414 2318 4480 casei
2360 4432 2603 4505 genus,
2648 4410 2783 4479 An·
