3369 5142
1540 1222 1627 1270 AD

1183 1429 1244 1519 P
1292 1429 1356 1518 L
1400 1427 1471 1516 A
1507 1429 1569 1517 T
1614 1428 1673 1517 O
1720 1425 1792 1518 N
1835 1427 1874 1515 Ι
1925 1427 1976 1514 S

1296 1654 1894 1730 PROTAGORAM.

1340 1953 1805 1994 “rw-

484 2215 711 2307 Relegi
758 2237 960 2304 nuper
1003 2215 1291 2284 Platonis
1334 2219 1728 2298 Protayoram
1771 2217 1838 2280 in
1886 2217 2147 2304 egregia
2185 2214 2480 2281 Mamm
2517 2214 2770 2281 Sonsnz

394 2325 670 2392 editione
732 2323 1013 2411 (Lipsiae
1077 2321 1307 2409 1880).
1373 2321 1522 2389 Vidi
1582 2322 1882 2410 pleraque
1943 2326 2158 2390 omnia
2217 2327 2386 2389 recte
2444 2329 2509 2388 et
2555 2323 2770 2389 ordine

394 2434 473 2500 ab
522 2453 593 2498 eo
641 2433 990 2498 constituta
1010 2478 1026 2510 ‚
1074 2429 1386 2496 librorum
1434 2427 1623 2496 fidem
1670 2430 1958 2497 sollerter
1996 2436 2059 2496 et
2096 2434 2295 2516 perite
2331 2432 2768 2515 aestimatam,

392 2539 637 2609 multos
681 2538 851 2606 locos
899 2541 1112 2625 aperte
1158 2539 1422 2605 vitiosos
1468 2543 1532 2603 et
1578 2537 1848 2604 aliorum
1897 2543 1962 2603 et
2005 2538 2206 2624 ipsius
2240 2537 2521 2604 Editoris
2560 2558 2770 2604 emen-

399 2647 763 2714 dationibus
824 2649 895 2711 in
936 2646 1263 2733 integrum
1320 2646 1682 2722 restitutos,
1743 2644 1950 2711 multa
2009 2645 2252 2711 insulsa
2310 2642 2770 2711 Graeculorum

397 2756 825 2821 additamenta
884 2752 1185 2838 prudenti
1243 2752 1507 2818 audacia
1565 2772 1698 2817 esse
1761 2756 2032 2827 resecta,
2098 2759 2161 2817 et
2219 2754 2478 2817 omnino
2537 2773 2770 2817 novam

398 2862 743 2928 editionem
828 2858 947 2923 hac
1031 2857 1361 2923 literarum
1430 2856 1606 2937 luce,
1676 2859 1746 2923 in
1813 2879 1936 2943 qua
2001 2879 2170 2923 nunc
2240 2860 2558 2942 vivimus,
2643 2880 2776 2923 esse

404 2968 873 3057 dignissimam.
966 2964 1175 3030 Nemo
1233 2968 1451 3029 autem
1508 2965 1848 3029 mirabitur
1905 2965 2014 3029 hic
2073 2964 2210 3030 illic
2258 2984 2580 3050 superesse
2626 2986 2778 3031 non-

397 3074 608 3152 nulla,
673 3073 787 3138 ubi
845 3070 1011 3137 mihi
1072 3071 1151 3137 ab
1211 3070 1491 3136 Editor-is
1536 3071 1777 3136 iudicio
1826 3071 2324 3137 dissentiendum
2375 3091 2508 3136 esse
2556 3072 2774 3137 existi·
2839 3142 2852 3153 ,

395 3202 569 3249 mem
592 3230 611 3259 ,
661 3180 739 3246 de
781 3178 1013 3265 quibus
1058 3176 1218 3244 locis
1258 3178 1535 3245 breviter
1583 3198 1889 3263 exponere
1935 3180 2137 3245 iuvat.

484 3397 643 3485 Pag.
710 3392 843 3461 309
892 3400 953 3458 b:
1020 3392 1085 3457 οὑ
1150 3390 1227 3456 σὺ
1276 3388 1483 3470 μέντοι
1532 3390 1801 3471 Ὀμήρου
1851 3388 2172 3467 ἐπαινέτης
2223 3386 2314 3470 εἷ,
2366 3383 2428 3465 ὃς
2476 3388 2598 3475 ἔφη
2647 3414 2772 3471 χα-

396 3503 678 3587 ριεςοὶτην
763 3502 921 3581 ἥβην
990 3496 1143 3565 εἶναι
1214 3501 1321 3564 τοῦ
1394 3498 1734 3577 ὑπηνήτου,
1807 3496 1876 3575 ἣν
1944 3502 2046 3563 νῦν
2117 3497 2526 3577 Ἀλκιβιάδης
2597 3494 2772 3579 ἔχεις

396 3612 635 3695 Miror,
693 3630 772 3674 ne
833 3608 1043 3674 dicam
1106 3604 1250 3672 dolo
1269 3652 1285 3685 ‚
1334 3604 1665 3671 Editorem
1711 3626 1840 3672 non
1883 3606 2188 3691 recepisse
2233 3608 2301 3671 in
2347 3611 2600 3673 textum
2649 3627 2778 3672 cer-

403 3722 539 3784 tam
602 3714 1111 3781 emendationem
1173 3716 1277 3778 τοῦ
1335 3720 1710 3777 ΠΡΩΤΟΝ
1762 3712 2102 3791 ὑπηνήτου,
2151 3734 2303 3778 nam
2349 3714 2474 3779 nisi
2521 3735 2600 3780 ex
2643 3712 2778 3780 Ho-

398 3845 576 3891 mero
624 3828 855 3904 πρῶτον
902 3820 1219 3887 addideris
1238 3868 1255 3895 ‚
1304 3822 1515 3885 omnis
1558 3819 1932 3885 facetissimi
1979 3818 2107 3885 loci
2151 3818 2328 3906 lepor
2372 3822 2628 3906 peribit.
2707 3819 2778 3887 Si

396 3936 540 4021 quis
589 3954 667 3998 ex
714 3929 870 3995 locis
916 3926 1277 3993 Homericis
1322 3924 1507 3991 Iliad.
1554 3924 1790 3990 XXIV.
1841 3924 2001 3993 347:

1347 4032 1531 4115 κούρῳ
1580 4033 1984 4115 αἰσυμνητῆρι
2031 4034 2230 4107 ἐοικὼς

849 4146 1083 4222 πρῶτον
1134 4139 1439 4226 ὑπηνήτη,
1488 4144 1712 4223 τοῦπερ
1761 4138 2114 4224 xxm-§edm
2168 4138 2315 4219 ἥβη.

398 4259 463 4323 et
510 4252 743 4341 Odyss.
792 4250 874 4315 X.
924 4246 1089 4317 279:

1582 4356 1775 4440 νεηνίη
1820 4354 1987 4438 ἀνδρὶ
2037 4357 2232 4429 ἐοικὼς

854 4468 1083 4547 πρῶτον
1132 4462 1437 4546 ὑπηνήτῃ,
1493 4466 1716 4545 τοῦπερ
1763 4462 2114 4545 χαριεςοὶτη
2164 4464 2308 4542 ἥβη.

2409 4582 2475 4633 21
