3369 5142
1359 318 1748 387 oomoont'ni.
2660 267 2745 388 41·

351 507 589 599 gellius
634 509 746 577 ille
790 508 960 596 apud
1007 507 1374 576 Horatium.
1442 507 1648 575 Vertit
1695 506 2091 578 Meinekius:
2144 512 2383 578 chorum
2430 512 2741 578 excitastis

359 617 586 682 Arabis·
627 615 952 680 citharoedi
991 621 1190 680 instar
1234 637 1548 700 numquam
1593 626 1840 682 cantare
1883 618 2253 682 desinentem.
2346 617 2518 684 Mihi
2568 617 2747 685 aliud

355 721 510 808 quid
555 722 754 789 latere
800 721 1076 788 videtur.
1171 718 1422 789 Collato
1470 723 1793 808 Aristoph.
1843 723 2017 791 Eccl.
2071 723 2251 790 918:

1183 827 1291 903 ἤδη
1341 827 1442 892 τὸν
1490 828 1605 891 ἀπ’
1652 829 1887 902 Ἰωνίας

595 943 618 968 ·
1174 933 1393 1017 τρόπον
1437 934 1718 1000 τάλαινα
1766 942 2039 1020 κνησιᾷς.

360 1045 428 1106 et
471 1037 675 1106 Arist.
725 1037 900 1106 Plut.
952 1038 1076 1108 4¹7:

815 1147 1032 1212 ἀσκεῖν
1078 1145 1181 1211 τὸν
1229 1145 1351 1212 υἱὸν
1395 1148 1499 1214 τὸν
1546 1147 1866 1229 ἐπιχώριον
1910 1147 2163 1229 τρόπον,

359 1253 590 1321 malim
637 1269 826 1320 sane:

817 1357 1147 1440 Κιθαρῳδὸν
1187 1358 1476 1447 1ἐίξῆγει
1493 1361 1545 1439 ρ’
1601 1358 1895 1441 Ἀράβιον
1943 1362 2045 1426 τὸν
2091 1359 2420 1441 τρόπον,

359 1486 513 1539 nam
582 1465 760 1532 chori
827 1467 1070 1532 mentio
1129 1468 1496 1551 importuna
1555 1473 1671 1532 est.
1766 1465 2067 1553 Sequitur
2123 1467 2293 1553 apud
2348 1464 2747 1535 Meinekium

359 1593 422 1658 p.
474 1569 610 1638 842
656 1569 1030 1638 Nicocharis
1075 1571 1548 1660 fragmentum:

815 1683 1073 1757 σοΦαῖσι
1118 1676 1460 1753 παλάμαις
1508 1678 1804 1744 τεκτόνων
1856 1679 2261 1758 εἰργασμένον

819 1783 923 1848 καὶ
973 1782 1158 1849 πόλλ’
1208 1783 1268 1847 ἐν
1319 1784 1486 1864 αὑτῷ
1534 1783 1715 1851 λέπτ’
1768 1781 1798 1849 ἔ
1812 1808 1955 1865 χον
2004 1784 2297 1851 namma

814 1889 1219 1978 κυμινοδόιιον.
2201 1877 2219 1884 ’

359 1996 683 2063 Neutrum
727 2017 933 2084 genus
953 2041 970 2072 ,
1016 1997 1142 2060 nisi
1191 1993 1375 2061 fallor
1391 2043 1408 2074 ,
1459 2002 1778 2084 repugnat
1823 1997 2151 2086 analogiae
2165 2050 2183 2074 ,
2234 2019 2395 2085 quae
2441 1999 2619 2067 ducit
2665 2001 2746 2068 ad

361 2103 837 2168 substantivum
904 2101 1258 2178 κυμινοδόκη
1322 2108 1387 2167 et
1447 2104 1835 2168 adiectivum
1897 2101 2306 2182 κυμινοδόκος.
2398 2105 2577 2172 Idem
2633 2106 2752 2173 hoc

361 2205 624 2274 videtur
683 2205 962 2288 voluisse
1019 2205 1255 2273 Pollux
1322 2207 1383 2271 X
1445 2205 1571 2292 94,
1629 2229 1832 2292 quum
1889 2210 2226 2276 scriberet:
2275 2209 2465 2285 εἴποις
2514 2212 2592 2278 ἂν
2641 2215 2746 2278 καὶ

361 2315 473 2388 τὴν
539 2310 1059 2390 ἧδυσματοθῆκην
1121 2311 1530 2390 κυμινοδόκον·
1582 2315 1810 2381 deinde
1854 2315 2035 2382 affert
2079 2315 2453 2384 Nicocharis
2496 2316 2712 2385 locum
2732 2367 2749 2398 ,

360 2439 557 2506 quem
602 2421 696 2485 ita
741 2423 1056 2506 corrigere
1100 2417 1344 2504 placet:

819 2533 1075 2608 σοφαῖσι
1125 2525 1464 2603 παλάμαις
1511 2524 1810 2593 τεκτόνων
1856 2529 2361 2610 εἴργασμὲνε

819 2636 924 2697 καὶ
975 2632 1164 2699 πόλλ’
1212 2634 1273 2697 ἐν
1317 2634 1484 2715 αὐτῷ
1533 2634 1724 2699 λέπτ’
1774 2636 1805 2699 ἐ
1818 2658 1984 2717 χιον
2029 2636 2325 2702 καδίσκια

820 2762 907 2803 xv
922 2765 973 2817 μ
993 2762 1054 2803 ιν
1074 2762 1100 2803 ο
1119 2736 1153 2803 3
1169 2738 1201 2804 ό
1215 2763 1295 2804 κε
1319 2790 1337 2824 ,

363 2846 559 2911 sicuti
618 2842 982 2931 Praxagora
1044 2846 1211 2931 apud
1274 2846 1768 2931 Aristophanem
1812 2850 1881 2912 in
1927 2846 2381 2915 Ecclesiazusis
2424 2848 2749 2918 lucernam

365 2970 548 3016 suam
598 2950 964 3036 alloquitur.
1059 2948 1133 3014 In
1181 2950 1348 3031 αὑτῷ
1395 2969 1507 3037 pro
1552 2955 1761 3031 σαυτῷ
1812 2974 1925 3018 cur
1970 2956 2113 3039 quis
2162 2954 2549 3042 offendatur,
2589 2956 2757 3022 nihil

365 3063 497 3136 est;
561 3058 639 3123 cs.
701 3056 962 3122 Person.
1028 3056 1108 3119 ad
1167 3056 1320 3120 Eur.
1384 3054 1588 3121 Orest.
1657 3054 1807 3122 626.
1902 3057 2084 3125 Idem
2130 3066 2317 3146 poeta
2361 3059 2747 3129 Nicochares

365 3162 685 3229 Meinekio
731 3183 792 3248 p.
843 3158 976 3227 846
1023 3161 1258 3227 dixisse
1307 3161 1596 3228 videtur:

1455 3268 1504 3332 εἶ
1553 3266 1867 3345 πεύσομαι

915 3375 1013 3441 τὸν
1056 3371 1361 3449 ἅηδόνειον
1409 3368 1590 3439 ὕπνον
1634 3370 2077 3455 α’ποδαρθόντα
2125 3400 2197 3441 σε

911 3480 1099 3553 αὐτὸς
1146 3479 1406 3545 σεαυτὸν
1455 3480 1652 3546 αἰτιῶ.

365 3586 564 3653 simul
609 3591 674 3653 et
717 3592 997 3653 metrum
1045 3589 1343 3653 restitues
1389 3592 1456 3653 et
1500 3590 1810 3653 sinceram
1851 3587 2127 3654 formam
2168 3586 2463 3669 οέηδόνιον,
2506 3594 2561 3657 si
2602 3614 2747 3680 sup-

367 3692 676 3780 pleveris:

1618 3800 1670 3865 εἴ
1720 3798 2029 3879 πεύσομαι

728 3907 831 3971 τὸν
875 3905 1143 3982 ἀηδόνιον
1191 3904 1478 3993 (μόνον)
1525 3902 1709 3973 ὕπνον
1754 3904 2206 3987 ἀποδαρθόντα
2255 3932 2323 3975 σε

729 4012 916 4084 αὐτὸς
965 4012 1224 4078 σεαυτὸν
1273 4012 1464 4078 αἰτιῶ.

367 4114 467 4184 of.
513 4118 710 4183 Arist.
755 4116 915 4185 Rau.
965 4116 1098 4184 630
1144 4126 1208 4185 et
1253 4117 1472 4185 Cobet.
1523 4114 1764 4185 Mnem.
1816 4117 1939 4184 tx.
1992 4116 2151 4186 164.

457 4324 740 4394 Verbum
784 4326 1118 4409 ἀποφέρειν
1156 4326 1413 4395 insolito
1451 4328 1641 4393 modo
1681 4333 2022 4412 usurpatur
2058 4330 2228 4415 apud
2250 4328 2313 4397 Ν
2313 4332 2749 4418 icophcntem,

367 4451 558 4518 quem
602 4431 824 4499 laudat
867 4431 1222 4501 Scholiasta
1271 4434 1350 4501 ad
1391 4436 1584 4499 Arist.
1633 4436 1755 4501 Av.
1812 4432 2027 4501 1283:
