3369 5142
1430 344 1814 395 comcomm.
2682 324 2812 391 413

438 516 593 601 erit,
644 517 753 582 sed
806 518 909 582 cui
956 515 1255 581 honestae
1300 514 1560 580 mulieri
1607 516 1870 582 fortasse
1917 517 2124 600 turpis
2171 516 2360 581 facies
2406 518 2500 579 est
2519 562 2536 596 ,
2579 534 2651 578 ea
2689 532 2813 578 non

438 628 535 687 est
579 622 832 703 σαπρὰ,
883 622 989 687 sed
1038 620 1277 703 αἰσχροὶ
1326 627 1391 687 et
1436 620 1557 686 hoc
1604 621 1996 687 adiectivum
2043 624 2178 686 sine
2223 640 2402 685 mora
2447 618 2813 685 Philemoni

436 727 827 795 reddendum
873 730 1013 793 erit.
1062 728 1183 817 Pg.
1229 726 1307 793 61
1355 728 1637 793 nondum
1687 727 2084 793 intellectum
2133 726 2290 792 fuit:

881 832 1003 907 ὄνος
1053 834 1329 915 βαδίζεις
1381 835 1463 906 εἰς
1514 832 1730 913 ἄχυρα
1787 834 2356 914 τραγημάτων.

437 962 588 1006 nam
650 941 1154 1025 breviloquentia
1214 962 1288 1006 ea
1347 946 1445 1006 est
1505 947 1570 1005 et
1630 940 1748 1005 hoe
1810 940 1972 1006 dicit
1997 988 2002 997 .
2025 947 2240 1025 poeta:
2292 940 2374 1013 εἰς
2423 942 2814 1019 τραγήματα

438 1046 717 1127 βαδίζεις
767 1044 967 1127 ὥσπερ
1014 1044 1137 1120 ὄνος
1187 1048 1271 1119 εἰς
1322 1044 1571 1127 ἄχυρα,
1622 1046 1788 1110 unde
1834 1048 2239 1131 perspicuum
2291 1050 2385 1111 est
2425 1066 2538 1131 pro
2585 1068 2815 1124 τραγη-

440 1152 657 1230 ματων
716 1154 1148 1239 reponendum
1210 1174 1341 1219 esse
1399 1152 1925 1233 τραγήματα.
2009 1152 2277 1219 Locutio
2325 1158 2668 1237 usurpatur
2714 1150 2813 1216 ἐπὶ

440 1266 555 1323 τῶν
605 1261 754 1340 παρ’
803 1259 1061 1331 ἐλπίδας
1108 1260 1194 1331 εἷς
1238 1259 1455 1338 ἀγαθοὶ
1496 1259 1926 1334 ἐμπιπτόντων
1967 1258 2065 1323 xxi
2109 1258 2341 1329 τούτοις
2381 1260 2815 1329 ἀπολαυστικῶς

439 1366 797 1446 χρωμένων,
848 1369 947 1431 uti
990 1386 1138 1433 vere
1173 1364 1417 1453 leg-itur
1454 1366 1621 1451 apud
1658 1366 1991 1430 Photium.
2040 1364 2202 1431 Vide
2239 1366 2435 1430 etiam
2475 1364 2816 1429 Erasmum

439 1474 507 1536 in
568 1472 835 1559 Adagiis
895 1494 961 1557 p.
1017 1470 1123 1539 97.
1219 1470 1411 1536 Hunc
1467 1492 1659 1537 usum
1705 1470 2004 1555 loquendi
2045 1492 2246 1556 nuper
2291 1472 2483 1557 attigi
2531 1476 2594 1535 et
2637 1469 2820 1535 illus-

438 1581 609 1644 travi
656 1581 723 1643 in
770 1578 1014 1645 Mnem.
1064 1576 1268 1643 XVII.
1322 1576 1477 1645 25¹7.

530 1786 743 1851 Facile
791 1790 887 1851 est
930 1785 1271 1852 rescribere
1316 1784 1485 1870 apud
1530 1785 1953 1851 Menandrum
2001 1807 2062 1871 p.
2114 1783 2201 1852 70
2247 1785 2417 1851 Mk.:

894 1892 943 1956 εἰ
995 1889 1048 1954 δ’
1095 1888 1219 1958 iem
1264 1886 1433 1963 οὗτος
1486 1891 1568 1977 (ὅ)
1612 1892 1723 1967 τὴν
1775 1888 1946 1971 κόρην
1997 1890 2335 1974 διεφθορώς.

440 1996 687 2063 Deinde
736 1998 931 2063 variis
977 1997 1343 2063 nominibus
1392 1999 1671 2083 corrupti
1721 2003 1870 2063 sunt
1912 2020 2134 2064 versus
2178 2021 2242 2084 p.
2295 1995 2416 2064 74:

710 2106 1081 2185 εὐποροῦμεν
1128 2104 1261 2169 οὐδὲ
1309 2102 1604 2185 μετρίως·
1654 2104 1722 2169 ἐκ
1769 2104 2028 2169 Κυΐνδων
2073 2105 2356 2184 χρυσίον,

712 2208 1006 2289 Περσικαὶ
1056 2210 1239 2279 ςολοὶι
1288 2210 1341 2274 δ’
1384 2212 1697 2275 ἐκεῖναι
1747 2217 2086 2293 πορφυραῖ,
2137 2211 2494 2291 τορεύματα

711 2314 869 2382 ἔνδον
916 2314 1025 2394 ἔτ’,
1078 2316 1403 2396 ἄνδρες,
1458 2319 1808 2398 omnnem,
1853 2318 2232 2398 τορεύματα.

440 2423 628 2489 Dicet
690 2424 1042 2489 Meinekius
1108 2424 1423 2509 quomodo
1485 2426 1611 2491 viri
1676 2425 1844 2490 docti
1890 2424 2166 2490 alterum
2213 2426 2568 2504 τορεύματα
2617 2423 2824 2489 elimi-

442 2533 766 2616 naverint,
830 2532 938 2597 sed
1003 2536 1327 2617 praeterea
1371 2530 1798 2617 supplendum
1845 2532 2100 2598 videtur
2146 2530 2186 2597 ἄ
2209 2532 2425 2612 νδρες
2475 2532 2705 2613 Φίλοι
2757 2534 2823 2596 et

440 2637 713 2704 secundo
778 2659 966 2703 versu
1022 2641 1163 2702 tuto
1210 2638 1725 2702 emendabimus:
1773 2638 2068 2718 Περσικαὶ
2117 2639 2297 2708 ςολαὶ
2349 2640 2428 2703 δὲ
2475 2648 2821 2703 κεῖνται.

442 2743 586 2808 Non
634 2743 1039 2808 attenderunt
1084 2746 1457 2828 interpretes
1503 2765 1565 2829 p.
1611 2743 1698 2810 88
1745 2746 1827 2812 ad
1867 2747 2173 2812 aoristum
2213 2751 2469 2831 tempus
2505 2747 2572 2810 in
2609 2745 2814 2810 hisce:

1382 2851 1447 2914 οὐ
1493 2859 1732 2929 γαμεῖς
1782 2850 1858 2917 ἂν
1905 2855 2036 2916 νοῦν
2082 2849 2273 2934 ἔχῃς,

982 2959 1192 3020 τοῦτον
1238 2960 1719 3023 καταλιπὼν
1763 2959 1868 3024 τὸν
1912 2959 2108 3044 Elam,

441 3081 591 3128 nam
638 3060 825 3126 facile
870 3059 1261 3148 intelligitur
1308 3061 1728 3128 Menandrum
1780 3065 2024 3130 dedisse
2069 3063 2639 3142 καταλείπων,
2667 3065 2818 3149 quia

440 3170 603 3234 inito
665 3166 926 3234 demum
987 3170 1399 3235 matrimonio
1417 3219 1435 3254 ‚
1499 3190 1623 3235 non
1672 3176 1819 3236 ante
1864 3173 2120 3258 nuptias
2136 3221 2152 3248 ,
2203 3170 2451 3237 coelebs
2495 3172 2637 3256 quis
2683 3190 2818 3236 esse

442 3274 693 3341 desinit.

530 3484 829 3572 Sequitur
871 3486 1063 3573 paulo
1109 3489 1367 3575 gravior
1412 3489 1774 3575 corruptela
1821 3511 1882 3575 p.
1934 3489 2020 3556 89
2067 3489 2238 3558 Mk.:

624 3593 731 3658 ἐὰν
776 3594 837 3658 δὲ
886 3595 1097 3676 κινήσῃ
1145 3594 1323 3670 μόνον
1372 3596 1479 3670 τὴν
1530 3597 1850 3675 Μυρτίλην

620 3699 856 3774 ταύτην
901 3725 994 3774 τις
1046 3700 1079 3776 ἢ
1128 3699 1419 3775 τιτθὴν
1470 3712 1719 3787 καλῇ,
1770 3703 1959 3783 πέρας
2008 3713 2173 3769 ποιεῖ
2216 3739 2296 3752 -—
2347 3707 2603 3777 λαλιᾶς.

441 3804 610 3886 Quid
656 3809 743 3871 sit
788 3807 976 3887 πέρας
1027 3815 1218 3872 ποιεῖν
1264 3813 1497 3882 λαλιᾶς
1517 3857 1534 3886 ,
1580 3811 1828 3894 primus
1873 3807 2150 3876 Cobetus
2191 3810 2535 3894 explicavit
2571 3809 2818 3878 Mnem.

438 3911 530 3977 IV
579 3911 749 3998 255,
808 3914 918 3979 sed
966 3920 1249 3980 remanet
1296 3917 1533 3981 vitium
1583 3919 1650 3980 in
1699 3913 1918 3990 τιτθὴν
1971 3923 2156 3998 καλῇ.
2249 3916 2616 3982 Dummodo
2659 3919 2818 3982 bene

438 4017 733 4107 intelligo
789 4019 943 4105 quid
1000 4021 1171 4086 dicat
1222 4021 1599 4106 Menander,
1648 4024 1994 4107 requiritur
2038 4021 2306 4089 verbum
2355 4023 2522 4108 quod
2565 4029 2818 4088 contrec-

439 4133 571 4190 tare
614 4124 931 4213 significat
974 4125 1080 4192 vel
1128 4125 1483 4206 βλιμαζειν.
1534 4127 1679 4192 Non
1729 4134 1826 4193 est
1869 4126 2124 4193 difficile
2168 4128 2288 4193 hoc
2335 4148 2551 4193 eruere
2596 4149 2630 4193 e
2679 4148 2817 4194 cor-

442 4237 662 4318 ruptae
723 4231 1016 4298 lectionis
1079 4235 1405 4320 vestigiis,
1471 4236 1821 4298 nimirum:
1870 4233 2400 4316 τιτθιολαβῇ,
2457 4236 2624 4320 quod
2670 4257 2818 4302 ver-

440 4341 595 4404 bum
656 4343 795 4425 ipsa
858 4338 1150 4427 analogia
1212 4333 1365 4405 satis
1426 4340 1824 4418 defenditur,
1887 4361 2090 4426 neque
2136 4361 2294 4424 opus
2341 4347 2436 4406 est
2480 4361 2820 4426 provocare

442 4446 520 4511 ad
606 4449 979 4512 recentiores
1062 4447 1430 4532 scriptores),
1502 4449 1611 4532 qui
1682 4446 1750 4512 id
1820 4447 2028 4532 ipsum
2102 4445 2514 4531 perhibentur
2581 4451 2814 4516 dixisse
