3369 5142
609 277 741 345 418
1603 297 1990 351 rmem'ra

606 469 867 555 proinde
911 471 1007 537 ita
1050 472 1279 537 vertit:
1340 470 1573 535 Utinam
1617 473 1726 536 hoc
1762 472 2015 537 viderem
2051 473 2423 559 animumque
2456 476 2785 557 reciperem,
2829 492 2988 533 nune

608 577 759 639 enim
852 579 1105 641 animus
1176 578 1460 642 labascit.
1533 577 1888 663 Tamquam
1960 580 2287 664 desperata
2353 599 2420 643 re
2485 577 2987 663 phileleutherus

605 682 955 767 Lipsiensis
1022 684 1279 749 devenit
1346 684 1424 749 ad
1486 705 1623 750 eam
1691 684 2077 749 medicinam
2139 685 2555 750 factitandam
2573 732 2591 767 ,
2657 704 2784 768 qua
2819 703 2987 747 nunc

606 790 866 874 quidem
928 810 1118 855 nemo
1181 793 1576 876 acquiescere
1638 794 1875 875 poterit
1889 811 1907 869 3
1972 811 2098 856 non
2144 791 2318 857 enim
2363 788 2755 877 intellig-itur
2772 839 2790 874 ,
2838 809 2988 874 quo-

603 896 796 962 modo
866 898 1297 982 superioribus
1358 899 1689 982 sequentia
1748 898 1999 962 adnecti
2059 900 2334 982 possint:
2399 897 2574 962 ἀλλὰ
2639 901 2756 961 ποῦ
2822 897 2986 968 θεοὺς

607 999 793 1073 οὕτως
843 1001 1108 1077 δικαίους
1157 1004 1282 1071 ε’ςὶν
1327 1003 1552 1082 εὑρεῑν;
1603 1002 1920 1087 Equidem
1967 1023 2095 1068 una
2138 1002 2400 1069 literula
2445 1007 2698 1069 mutata
2733 1002 2984 1090 legam:

1062 1112 1113 1175 εἰ
1162 1110 1289 1191 γὰρ
1336 1110 1601 1187 ἐπίδοιμι
1650 1114 1866 1188 τοῦτο,
1915 1108 2032 1174 κᾶν
2077 1113 2294 1192 ψυχὴν
2343 1109 2535 1177 πάλιν

1061 1217 1325 1295 λάβοιμ’
1375 1215 1528 1294 ἐγώ·
1579 1216 1700 1281 νυνὶ
1751 1216 1878 1295 γὰρ
1923 1216 2308 1297 ἀλλαχοῦ
2356 1216 2522 1288 θεούς

1069 1320 1256 1393 οὕτως
1303 1323 1567 1394 δικαίους
1618 1322 1743 1390 ἕςὶν
1793 1322 1979 1403 εὑρεῖν
2030 1319 2072 1385 ὦ
2120 1322 2306 1387 Γέτα.

608 1430 735 1512 Qui
780 1430 887 1493 hic
932 1428 1240 1513 loquitur,
1279 1428 1451 1493 dolet
1485 1426 1772 1513 puellam
1813 1428 1938 1494 sibi
1979 1434 2280 1513 ereptam.
2321 1426 2394 1493 Si
2435 1429 2710 1493 amicam
2751 1446 2985 1501 meam,

604 1537 851 1621 inquit,
913 1555 1349 1620 recuperarem
1373 1581 1390 1611 ‚
1456 1533 1656 1599 simul
1703 1555 1850 1599 cum
1899 1555 1974 1600 ea
2020 1536 2217 1600 etiam
2266 1536 2557 1600 animum
2603 1534 2947 1617 reciperem
2966 1580 2984 1612 ‚

608 1644 717 1709 sed
763 1662 927 1709 vana
972 1663 1080 1708 me
1127 1663 1269 1728 spes
1316 1641 1587 1719 deludit,
1626 1662 1778 1707 nam
1819 1642 1887 1705 in
1921 1642 2014 1705 hie
2053 1648 2232 1706 terr-is
2271 1644 2392 1729 ipsi
2427 1642 2520 1707 dii
2559 1640 2747 1706 hodie
2770 1645 2988 1706 amant

606 1752 1017 1835 injustitiam.
1080 1748 1255 1815 Idem
1319 1746 1431 1813 ille
1492 1747 1679 1813 miles
1744 1750 1854 1833 qui
1901 1748 2005 1813 hic
2053 1756 2186 1813 tam
2233 1748 2533 1814 flebiliter
2579 1748 2864 1832 queritur
2909 1745 2986 1810 de

604 1856 822 1941 puella
881 1876 1073 1942 quam
1142 1854 1385 1942 deperit
1400 1903 1419 1939 ,
1484 1851 1720 1921 Getam
1780 1857 1872 1920 sic
1929 1857 2312 1943 interrogat:
2361 1842 2668 1920 οὐπώποτ’
2716 1850 2986 1932 ἠράσθης

609 1963 775 2029 Γέτα
788 1983 807 2043 ;
874 1966 979 2028 cui
1041 1961 1184 2029 ille:
1256 1963 1321 2027 οὐ
1383 1961 1511 2041 γὰρ
1577 1957 1984 2037 ἐνεπλήσθην.
2032 1961 2247 2027 Facile
2292 1966 2390 2028 est
2433 1961 2648 2027 locum
2694 1958 2986 2045 supplere

606 2074 672 2136 et
715 2071 975 2156 quidem
1022 2070 1144 2135 sic:

1333 2172 1667 2241 Οὖπῶποτ’
1715 2171 1988 2256 ἠράσθης
2032 2173 2229 2255 Γέτα;

742 2291 812 2347 Γ.
862 2282 1004 2368 (μὰ
1053 2284 1172 2349 Δί’
1222 2283 1359 2347 οὐκ
1405 2278 1707 2365 ἔγωγ“)·
1759 2282 1824 2347 οὐ
1871 2283 1998 2362 γὰρ
2045 2278 2431 2357 ἐνεπλήσθην
2477 2279 2880 2367 (πώποτε),

698 2495 897 2563 Venio
943 2495 1024 2561 ad
1068 2516 1132 2581 p.
1186 2492 1335 2574 183,
1383 2494 1498 2558 nbi
1543 2495 1637 2557 ita
1682 2492 2003 2581 leg-imus:

1057 2599 1433 2678 πεποιήκατ’
1484 2597 1657 2680 ἔργον
1705 2601 1825 2681 οὐχ
1872 2599 2123 2680 ἑταίρων
2221 2647 2236 2666 .
2332 2647 2349 2665 .
2443 2647 2456 2663 .
2559 2649 2574 2664 .

1060 2754 1530 2774 .....
1623 2707 1834 2772 ταῦτα
1883 2705 1934 2770 δ’
1982 2705 2129 2772 ὄντα
2175 2705 2536 2788 γράμματα

1061 2817 1171 2888 τὴν
1220 2813 1698 2896 προσαγόρευσιν
1740 2815 1806 2877 οὖ
1853 2810 2071 2893 σφόδρ’
2119 2813 2384 2891 εὔσημον
2429 2819 2606 2878 ποιεῖ.

606 2926 807 2994 Addit
852 2923 1218 2992 Meinekius
1263 2921 1592 2988 Zedelium
1639 2919 1856 2985 locum
1901 2919 2316 3004 probabiliter
2355 2918 2710 3004 explevisse
2746 2918 2841 2983 ita
2857 2965 2874 2996 ,
2911 2923 2987 2982 ut

605 3031 867 3100 secundi
913 3051 1135 3099 versus
1181 3031 1370 3094 initio
1417 3025 1768 3092 exciderint
1813 3025 1912 3104 μα
1960 3026 2060 3090 Δί’
2109 3027 2260 3091 ἀλλ’
2309 3027 2570 3107 ἑταιρῶν.
2669 3025 2982 3111 Equidem

604 3138 869 3206 malim:
1648 3213 1652 3216 ι

1065 3241 1437 3317 πεποιήκατ’
1486 3237 1657 3319 ἔργον
1707 3241 1829 3320 οὐχ
1876 3240 2126 3322 ἑταίρων
2171 3236 2241 3326 (ὦ
2286 3239 2548 3325 φίλοι)

1075 3352 1417 3437 (μᾶλλον
1468 3347 1518 3410 δ’
1567 3347 1980 3434 ἑταιρῶν).,

606 3462 797 3528 sicuti
845 3456 1187 3525 Philemon
1233 3455 1399 3520 dixit
1442 3475 1503 3539 p.
1557 3451 1642 3517 49
1689 3451 1867 3517 Mis:

1060 3565 1181 3642 ἐγὼ
1230 3563 1344 3639 μὲν
1391 3561 1576 3625 αὐτὸν
1625 3557 1838 3624 οὔποτ’
1887 3557 2096 3635 ὄλβιον
2143 3563 2346 3634 καλῶ,

1069 3669 1340 3750 Φύλακα
1388 3667 1452 3731 δὲ
1500 3670 1747 3745 μᾶλλον
1793 3663 2136 3745 χρημάτων
2182 3661 2538 3742 εὐδαίμονα.

606 3779 852 3850 Fabula
917 3777 1045 3843 fuit
1117 3769 1639 3854 Παρακαταθήκῃ
1664 3821 1679 3849 ,
1753 3775 1822 3835 in
1892 3791 2017 3854 qua
2087 3771 2422 3836 Menander
2489 3791 2594 3838 eos
2637 3770 2982 3838 versiculos

606 3889 956 3973 scripserat.
1053 3881 1169 3946 Uti
1239 3878 1541 3946 credibile
1608 3881 1737 3956 est,
1809 3878 1866 3942 is
1929 3877 2038 3960 qui
2097 3876 2204 3941 hic
2265 3876 2549 3963 loquitur
2565 3928 2582 3963 ,
2648 3879 2986 3964 exprobrat

608 3997 832 4064 amicis
849 4041 863 4067 ‚
914 3988 1082 4076 quod
1130 3986 1289 4054 olim
1336 3984 1771 4051 concreditum
1816 3985 2053 4070 pignus
2099 3983 2357 4049 reddere
2397 3984 2643 4051 nollent
2659 4032 2677 4063 ‚
2723 3986 2834 4051 sed
2880 4006 2982 4050 ne-

607 4122 729 4188 que
791 4099 897 4164 hic
952 4101 1123 4161 recte
1168 4092 1394 4158 addere
1440 4090 1684 4176 potuit,
1734 4109 1935 4174 neque
1981 4109 2145 4153 unus
2193 4089 2270 4155 de
2317 4092 2670 4155 amicorum
2715 4111 2980 4157 numero

606 4211 845 4276 factum
892 4202 1105 4289 potuit
1149 4218 1426 4286 purgare
1473 4199 1555 4260 iis
1599 4196 1836 4270 verbis,
1888 4216 2049 4279 quae
2095 4199 2316 4260 statim
2365 4196 2534 4281 apud
2581 4198 2983 4262 Athenaeum

606 4316 1060 4398 insequuntur:
1089 4305 1297 4371 ταύτὰ
1323 4305 1377 4369 δ’
1404 4300 1551 4366 ὄντα
1588 4303 1951 4383 γράμματα
1997 4305 2106 4377 τὴν
2147 4303 2622 4382 προσαγόρευσιν
2661 4304 2728 4368 οὐ
2768 4303 2983 4387 σφόδρ’

608 4420 873 4500 εὔσημον
935 4422 1129 4498 ποιεῖ,
1191 4415 1258 4478 in
1319 4411 1551 4495 quibus
1616 4430 1742 4475 non
1803 4417 2053 4494 poetam
2101 4409 2318 4473 audire
2365 4408 2529 4474 mihi
2575 4409 2826 4488 videor,
2871 4413 2979 4478 sed
