3369 5142
1390 277 1525 357 Pno'
1559 302 1807 356 cumo.
2667 283 2800 358 227

413 483 727 549 exstincta
763 485 897 547 erat
936 460 1360 555 consuetudo,
1412 479 1756 544 discidium
1804 480 2166 556 exstiterat,
2216 479 2368 545 hinc
2413 479 2565 546 illae
2610 479 2796 546 lacri-

412 575 557 650 mae
603 589 915 652 nimirum
964 592 1027 651 et
1072 586 1226 651 haec
1272 605 1462 650 causa
1502 591 1597 649 est
1636 584 1926 649 omnium
1965 585 2198 651 horum
2247 586 2559 651 scelerum
2607 591 2796 672 atque

414 692 835 756 criminum.”

502 797 646 862 Hoc
708 798 1014 863 dilemma
1078 819 1202 863 non
1250 799 1405 862 satis
1452 797 1797 882 prudenter
1839 799 2215 862 institutum
2262 799 2536 866 videtur.
2637 800 2797 864 Pro-

412 904 697 987 positum
762 907 857 968 est
914 904 1342 970 demonstrare
1361 951 1375 980 ,
1424 923 1636 968 servos
1683 902 1763 968 ad
1812 900 2102 967 Caelium
2151 903 2414 968 domum
2461 908 2797 972 convenire

412 1010 695 1093 potuisse
711 1029 728 1086 ;
793 1010 913 1074 hoc
932 1057 948 1086 ,
1015 1009 1323 1093 quamdiu
1370 1015 1505 1074 erat
1549 1008 1949 1074 familiaritas
1997 1017 2186 1092 atque
2233 1011 2620 1076 consuetudo
2641 1058 2656 1089 ,
2706 1011 2798 1077 fa-

415 1134 551 1178 cere
623 1122 913 1198 poterant
976 1119 1111 1178 sine
1170 1117 1554 1200 suspitione,
1618 1113 1728 1178 sed
1791 1120 1927 1178 orto
1989 1114 2256 1179 discidio
2312 1135 2437 1180 non
2482 1120 2793 1200 poterant.

414 1215 637 1303 Itaque
682 1221 895 1283 irretit
940 1239 1005 1284 se
1054 1224 1244 1303 atque
1291 1216 1585 1302 implicat
1633 1217 1789 1282 dum
1831 1217 2140 1283 dilemma
2179 1218 2499 1297 instituit,
2542 1222 2798 1307 expedit

413 1345 479 1388 se
539 1325 1005 1408 quodammodo
1069 1324 1443 1388 recurrendo
1502 1323 1579 1387 ad
1631 1330 2003 1408 perpetuam
2054 1323 2237 1389 illam
2285 1327 2795 1392 criminationem

414 1430 887 1496 mendaciorum
955 1427 1244 1513 Clodiae,
1309 1431 1645 1495 verborum
1711 1433 1892 1514 copia
1937 1432 2444 1496 ratiocinationis
2489 1433 2794 1497 mendum

414 1536 737 1626 obtegens.
835 1535 1315 1616 Quodammodo
1362 1540 1571 1620 potest
1617 1537 1974 1619 comparari
2021 1536 2054 1620 g
2107 1533 2192 1599 32
2257 1537 2368 1602 ubi
2427 1542 2686 1602 excusat
2733 1557 2800 1602 se

415 1637 635 1706 Cicero
706 1641 873 1725 quod
945 1640 1283 1706 mulierem
1352 1639 1549 1706 laedit
1616 1644 1684 1703 in
1752 1640 2170 1724 defendendo,
2233 1649 2425 1726 atque
2485 1644 2554 1706 in
2601 1642 2801 1708 altera

414 1752 593 1829 parte
657 1746 1083 1811 dilemmatis:
1152 1749 1291 1824 „sin
1353 1747 1477 1810 ista
1535 1744 1806 1810 muliere
1851 1752 2096 1810 remota
2140 1767 2255 1811 nec
2301 1749 2544 1812 crimen
2589 1747 2799 1812 ullum

415 1871 532 1915 nec
583 1872 730 1937 opes
781 1853 861 1916 ad
915 1851 1413 1939 oppugnandum
1462 1845 1755 1915 Caelium
1801 1849 1934 1915 illis
1981 1851 2460 1935 relinquuntur,
2508 1852 2663 1938 quid
2703 1859 2798 1918 est

421 1952 600 2021 aliud
650 1957 816 2043 quod
864 1978 977 2024 nos
1023 1960 1271 2045 patroni
1318 1959 1523 2022 facere
1564 1957 1936 2034 debeamus,
1974 1957 2142 2021 nisi'’
2186 1995 2268 2004 --
2311 1959 2492 2042 sequi
2531 1958 2798 2025 debebat

420 2067 537 2140 „ut
597 2062 937 2130 mulierem
982 2063 1405 2151 repellamus”
1460 2063 1567 2128 sed
1615 2063 1934 2150 sequitur:
1988 2069 2104 2140 „ut
2150 2083 2283 2142 eos,
2332 2066 2442 2148 qui
2489 2065 2799 2130 insectan-

415 2175 556 2254 tur,
619 2169 1073 2255 repellamus.’'
1168 2173 1255 2236 At
1315 2169 1434 2234 hoc
1497 2189 1747 2254 semper
1790 2168 1994 2235 facere
2041 2169 2329 2234 debebat.
2429 2167 2554 2234 Sed
2599 2172 2800 2234 evitat

416 2276 609 2341 verba
656 2277 833 2341 dura.
884 2276 977 2342 De
1024 2280 1323 2340 nimirum
1370 2278 1437 2340 in
1485 2276 1743 2360 apodosi
1802 2275 1881 2340 cf.
1931 2273 2142 2340 Hand.
2191 2273 2373 2339 Turs.
2423 2273 2509 2340 IV
2556 2296 2616 2361 p.
2665 2274 2799 2339 204

420 2383 840 2466 (quamquam
901 2381 1268 2469 exemplum
1325 2403 1402 2448 ex
1446 2381 1696 2446 Muren.
1750 2381 1856 2457 15,
1907 2381 1992 2445 32
2041 2383 2302 2466 recuso).
2355 2380 2541 2445 Nihil
2588 2387 2684 2445 est
2731 2383 2798 2446 in

413 2486 515 2550 his
563 2488 730 2571 quod
778 2487 1283 2573 interpolationis
1330 2489 1604 2575 speciem
1649 2486 1915 2570 habeat,
1957 2507 2104 2552 nam
2147 2507 2258 2578 per
2296 2487 2414 2552 illa
2440 2489 2795 2564 „exstincta

413 2602 544 2657 erat
615 2594 1048 2659 consuetudo'’
1110 2597 1450 2680 respicitur
1510 2592 1589 2657 ad
1650 2595 2041 2657 contrarium
2111 2596 2206 2676 „si
2271 2594 2570 2658 manebat
2617 2598 2796 2656 tanta

413 2697 523 2764 illa
570 2698 1021 2767 consuetud0.'’
1072 2699 1194 2765 Sed
1240 2698 1448 2764 multo
1490 2702 1702 2787 mag-is
1748 2704 1913 2763 esset
1951 2701 2280 2784 perspicua
2317 2700 2631 2765 sententia
2671 2700 2796 2763 sic:

416 2806 588 2883 „iam
651 2814 794 2870 tum
841 2806 1096 2871 suberat
1149 2844 1230 2852 —
1255 2853 1270 2883 ‚
1326 2807 1455 2869 iam
1505 2790 1820 2869 exstincta
1862 2842 1984 2889 -—,
2026 2804 2155 2869 iam
2204 2802 2613 2879 discidium‚’'
2657 2801 2794 2867 rell.

508 2910 616 2975 63.
670 2912 856 2989 „dein
903 2917 1140 2977 temere
1188 2912 1650 2997 prosiluerunt:
1707 2910 1992 2975 homines
2041 2909 2506 2999 temperantes.”

505 3006 864 3121 Qeteriores
907 3018 1153 3084 codices
1184 3019 1488 3103 yravitati
1525 3018 1794 3093 deditos,
1840 3014 1910 3079 P.
1956 3037 2104 3081 cum
2129 3016 2551 3082 Beruensibus
2575 3014 2802 3081 Orellii

415 3122 661 3188 duobus
726 3136 1145 3211 temperantes.
1214 3120 1465 3207 Nempe
1530 3121 1816 3187 evanidis
1865 3120 2178 3208 plerisque
2235 3126 2324 3189 sic
2373 3122 2550 3187 locus
2593 3125 2660 3186 in
2709 3142 2804 3186 ar·

414 3229 688 3315 chetypo
756 3229 1015 3295 affectus
1064 3228 1260 3295 fuisse
1307 3230 1598 3305 videtur,
1647 3234 1723 3293 ut
1771 3227 2018 3313 aliquot
2063 3234 2315 3293 tantum
2362 3228 2616 3293 litterae
2663 3247 2801 3312 pos-

416 3341 555 3401 sent
615 3337 781 3423 legi:
844 3337 1236 3424 „gravitati”
1305 3332 1820 3421 „temperantes”
1875 3337 2070 3419 (rauit
2115 3340 2313 3417 rant).
2408 3332 2531 3398 Sed
2577 3339 2804 3399 neutra

414 3442 603 3508 lectio
670 3442 821 3507 ferri
886 3448 1121 3527 potest3
1183 3461 1331 3505 nam
1385 3452 1789 3529 temperantes
1835 3459 1948 3523 pro
1995 3452 2398 3525 temperantes
2445 3438 2562 3503 cibi
2611 3436 2804 3525 (quod

414 3547 699 3633 postulat
743 3546 997 3612 Halmii
1044 3548 1510 3632 interpretatio)
1563 3546 1689 3611 dici
1736 3566 1862 3611 non
1905 3550 2116 3630 potest
2154 3552 2218 3609 et
2245 3548 2550 3631 qva-vitati
2569 3547 2805 3611 deditos

416 3659 584 3719 recte
654 3652 930 3719 Orellius
999 3656 1093 3731 (in
1164 3654 1315 3719 edit.
1381 3655 1565 3738 min.)
1632 3652 1788 3717 dicit
1848 3652 2197 3736 discrepare
2259 3673 2298 3717 a
2359 3651 2548 3717 solito
2603 3651 2806 3717 Tullii

416 3779 719 3825 sermone.
814 3758 1101 3825 Fortasse
1150 3761 1400 3824 subest:
1459 3761 1804 3844 „temporis
1855 3757 2306 3823 observantes.”
2349 3756 2613 3823 Deditos
2659 3780 2806 3847 sup-

416 3864 577 3951 pleri
623 3866 835 3951 potuit
882 3887 1032 3931 eum
1079 3865 1277 3931 semel
1325 3864 1484 3930 falso
1526 3867 1830 3950 yravitati
1875 3863 2116 3929 lectum
2165 3872 2348 3929 esset.

508 3969 613 4035 65.
673 3977 1132 4057 „potueruntne
1180 3974 1393 4058 magis
1440 3976 1724 4055 tempore
1771 3970 2061 4056 prosilire
2107 3992 2299 4055 quam
2337 3991 2481 4035 cum
2521 3970 2806 4035 Licinius

416 4078 728 4161 venisset,
789 4098 937 4142 cum
997 4080 1065 4142 in
1130 4097 1327 4141 manu
1394 4082 1634 4141 teneret
1680 4079 1910 4142 veneni
1957 4072 2300 4163 pyxidem?
2365 4079 2532 4162 quod
2573 4080 2630 4140 si
2673 4077 2805 4140 iam

414 4206 485 4246 ea
532 4186 771 4248 tradita
816 4187 1003 4249 servis
1050 4185 1396 4250 evasissent
1445 4182 1659 4246 subito
1708 4203 1787 4246 ex
1834 4180 2077 4247 balneis
2119 4181 2410 4246 mulieris
2457 4182 2648 4247 amici
2694 4181 2802 4246 Li-

416 4289 784 4374 ciniumque
832 4285 1489 4373 comprehendissent,
1538 4286 1910 4375 imploraret
1953 4288 2292 4353 hominum
2341 4285 2569 4370 fidem,
2609 4292 2798 4375 atque

418 4416 455 4459 a
500 4415 564 4460 se
604 4396 799 4461 ullam
840 4396 1150 4483 pyxidem
1198 4394 1502 4460 traditam
1547 4393 1980 4483 pernegaret.'’
