3369 5142
601 313 730 382 332
1670 333 1897 382 Puro,

688 507 851 596 Pag.
917 502 1049 571 313
1112 511 1179 570 b:
1251 503 1383 586 περὶ
1454 503 1568 582 μὲν
1630 503 1845 571 τούτου
1907 504 2115 572 οὖδένοι
2177 503 2360 585 λόγον
2427 505 2554 572 οὐδὲ
2612 507 2971 586 συμβουλὴν

603 622 767 680 ποιεῖ
825 613 949 678 εἴτε
1007 613 1127 695 χρὴ
1193 611 1536 692 ἐπιτρέπειν
1600 611 1826 678 σαυτὸν
1887 615 2054 694 αὐτῷ
2118 615 2242 679 εἴτε
2306 613 2417 691 μή.
2469 653 2551 664 --
2602 616 2859 696 σοφιςὴν
2919 615 2971 680 δ’

601 719 952 802 ὅνομάζεις,
1015 720 1117 785 τὸν
1178 719 1239 784 δὲ
1301 719 1557 800 σοφιςὺν
1622 719 1688 782 τί
1745 721 1882 784 ποτ’
1930 719 2020 790 ἐς)
2069 720 2279 798 <Dalm
2327 723 2559 800 ἀγνοῶν
2601 715 2667 811 [ᾧ
2715 719 2971 798 μέλλεις

601 829 828 893 σαυτὸν
892 825 1285 912 ἐπιτρέπειν].
1358 825 1637 892 Evidens
1699 828 1754 891 si
1801 826 1964 911 quod
2014 826 2190 892 aliud
2235 826 2416 893 scioli
2463 827 2974 893 additamentum

600 939 909 1001 tenemus.
957 931 1095 998 Iam
1143 934 1240 998 bis
1286 933 1461 998 idem
1508 932 1786 998 dixerat:
1842 931 1954 996 εἴτ’
2001 933 2394 1014 ἐπιτρεπτέον
2447 932 2572 1000 εἴτε
2621 934 2726 998 καὶ
2777 937 2840 1000 οὐ
2889 935 2971 1014 τῷ

598 1039 951 1122 ἀφικομένῳ
1016 1039 1210 1119 τούτῳ
1274 1037 1419 1120 ξένῳ
1480 1040 1587 1114 τὴν
1646 1041 1755 1114 σὺν
1803 1038 2053 1120 ψυχήν,
2105 1046 2168 1105 et
2215 1041 2451 1106 iterum
2501 1039 2628 1106 εἴτε
2672 1041 2796 1123 χρὴ
2845 1043 2973 1106 ἔπι-

598 1149 837 1228 τρέπειν
908 1148 1131 1211 σαυτὸν
1204 1146 1369 1225 αὐτῷ
1431 1142 1557 1210 εἴτε
1617 1145 1727 1221 μή.
1825 1145 2043 1230 Itaque
2106 1145 2504 1212 intolerabile
2567 1153 2662 1213 est
2709 1149 2974 1213 tertium

598 1257 943 1341 repetitum
1018 1247 1059 1334 ᾧ
1129 1251 1381 1329 μέλλεις
1454 1254 1682 1316 σοευτόν
1753 1249 2116 1330 ἐπιτρέπειν.
2221 1251 2340 1317 Est
2409 1252 2585 1319 aliud
2653 1259 2974 1338 praeterea

596 1360 837 1426 fraudis
881 1360 1191 1425 indicium
1238 1362 1504 1423 eertum.
1555 1358 1679 1438 Qui
1718 1358 1962 1423 addidit
2001 1353 2042 1438 ᾧ
2083 1357 2340 1435 μέλλεις
2377 1361 2603 1424 σαυτὸν
2629 1359 2971 1440 ἐπιτρέπειν

596 1466 864 1552 putabat
924 1465 1363 1550 praecedentia
1418 1466 1521 1528 τὸν
1583 1465 1842 1544 σοφιςῆν
1903 1465 1968 1528 τί
2027 1466 2168 1529 ποτ’
2213 1464 2304 1530 ἐς)
2353 1466 2564 1547 <palm
2611 1469 2845 1545 ἀγνοῶν
2893 1467 2972 1533 ad

597 1573 1015 1660 Protagoram
1079 1571 1331 1656 referri,
1392 1591 1595 1656 neque
1657 1574 1851 1637 sensit
1915 1571 1942 1635 ὅ
2008 1572 2266 1652 coepas-254
2323 1574 2391 1636 in
2435 1593 2665 1661 genere
2713 1574 2789 1638 de
2839 1579 2970 1639 toto

600 1679 1043 1764 Sophistarum
1103 1698 1300 1766 grege
1363 1678 1609 1742 dietum
1656 1698 1820 1754 esse,
1867 1683 1945 1742 ut
1987 1698 2134 1766 pag.
2187 1677 2320 1744 312
2368 1701 2432 1744 o:
2481 1677 2516 1744 δ’
2534 1730 2550 1766 ,
2597 1704 2656 1744 τι
2709 1678 2771 1744 δέ
2819 1703 2970 1745 ποτε

602 1786 629 1851 ὁ
679 1787 937 1868 σοφιςῆς
984 1785 1109 1854 ἐςιν
1156 1782 1530 1865 θαυμάζοιμ’
1578 1783 1655 1848 ἂν
1704 1784 1755 1848 εἷ
1804 1779 1993 1849 οἷο-θοι.

687 1997 844 2085 Pag.
914 1993 1066 2061 313.
1132 2017 1193 2061 c:
1259 1995 1287 2060 ὂ
1343 1994 1598 2076 coepes-356
1662 1993 1972 2076 τυγχάνει
2033 1995 2108 2061 ὢν
2155 1995 2414 2079 ἔμπορός
2462 2022 2555 2071 τις
2606 1998 2639 2073 ἢ
2690 1997 2970 2076 κάπηλος

600 2111 715 2169 τῶν
786 2103 1167 2183 ἀγωγίμων,
1240 2099 1365 2183 ἀφ’
1431 2098 1505 2166 ὦν
1564 2104 1748 2184 ψυχὴ
1805 2101 2127 2184 τρέφεται.
2191 2139 2276 2153 —-
2342 2105 2444 2168 καὶ
2508 2101 2669 2180 ὅπως
2732 2108 2821 2185 μὴ
2887 2141 2972 2155 -

601 2211 982 2288 ἐξοιποιτήσει
1049 2212 1215 2287 ἡμᾶς
1279 2205 1475 2288 ὥσπερ
1536 2209 1563 2272 ὁ
1626 2207 1758 2288 περὶ
1822 2210 1932 2283 τὴν
1979 2214 2084 2273 τοῦ
2135 2210 2420 2287 σώματος
2469 2211 2697 2292 τροφήν
2747 2213 2806 2297 [ὁ
2857 2209 2970 2290 ἔμ-

598 2317 770 2398 πορός
842 2341 912 2381 τε
974 2315 1078 2381 καὶ
1141 2315 1472 2398 κάπηλος]
1570 2313 1726 2393 Quis
1787 2333 1908 2379 non
1959 2317 2336 2382 assentietur
2379 2316 2630 2385 Nabero
2679 2322 2973 2406 ineptum

597 2423 717 2488 hoc
779 2422 1096 2489 emblema
1117 2471 1133 2501 ,
1186 2421 1350 2508 quod
1396 2425 1796 2488 venustatem
1845 2419 2002 2486 dicti
2049 2441 2302 2488 omnem
2353 2423 2560 2510 tollit,
2611 2447 2973 2515 expungere

594 2529 883 2597 iubenti?

688 2636 923 2704 Statim
996 2638 1315 2723 sequitur:
1388 2634 1493 2700 κοιὶ
1568 2634 1693 2716 γὰρ
1767 2630 1927 2700 οὗτοί
1989 2658 2103 2701 που
2170 2632 2245 2700 ὧν
2310 2634 2568 2716 ἄγουσιν
2632 2640 2974 2719 ἀγωγίμων

602 2743 741 2810 οὔτε
814 2744 988 2810 αὐτοὶ
1061 2742 1265 2808 ἴσασιν
1329 2738 1391 2818 δ’,
1453 2765 1512 2806 τι
1571 2742 1798 2824 χρηςόν
1863 2742 1896 2816 ἢ
1965 2744 2208 2823 πονηρὸν
2273 2744 2438 2828 [περὶ
2504 2746 2572 2811 τὸ
2622 2748 2830 2837 σῶμα]
2891 2788 2971 2797 -

598 2849 735 2915 οὔτε
796 2853 848 2915 οἱ
909 2850 1219 2929 ὠνούμενοι
1286 2855 1430 2928 παρ’
1493 2850 1694 2914 αὐτῶν
1755 2852 1819 2914 et
1881 2854 2024 2935 post
2069 2870 2308 2935 pauca:
2357 2851 2545 2932 τάχά
2595 2854 2645 2919 δ’
2693 2852 2769 2919 ἀν
2814 2880 2972 2930 τινες

600 2959 703 3021 καὶ
776 2956 1000 3021 τούτων
1062 2962 1336 3034 ἀγνοοῖεν
1400 2952 1473 3021 ὧν
1531 2959 1831 3020 πωλοῦσιν
1899 2953 1969 3030 δ’,
2037 2979 2098 3020 τι
2145 2956 2376 3039 κρηςόν
2425 2958 2459 3032 ἢ
2510 2960 2754 3041 πονηρὸν
2803 2962 2975 3046 [πρὸς

597 3064 707 3137 τὴν
754 3066 1021 3149 ψυχήν]
1120 3062 1324 3129 Nemo
1368 3060 1554 3147 putat
1602 3063 1753 3128 ferri
1799 3081 1980 3147 posse
2028 3072 2217 3127 ΠΕΡΙ
2268 3064 2338 3130 τὸ
2387 3071 2568 3143 σῶμα
2621 3105 2704 3116 —-
2755 3078 2976 3136 HPOC

597 3173 708 3245 τὴν
743 3170 979 3251 ψυχήν.
1028 3168 1192 3235 Sunt
1226 3170 1433 3257 igitur
1470 3171 1580 3255 qui
1626 3176 1848 3233 HPOC
1887 3168 1956 3232 τὸ
1998 3174 2178 3247 σῶμα
2221 3171 2632 3238 substituant.
2679 3174 2973 3254 Frustra,

599 3298 801 3363 neque
868 3279 1041 3343 enim
1106 3278 1335 3357 χρηςόν
1405 3275 1437 3350 ἢ
1510 3274 1756 3354 πονηρὸν
1818 3274 1950 3355 περὶ
2016 3274 2084 3339 τὸ
2149 3283 2372 3353 σῶμα,
2443 3298 2646 3363 neque
2710 3283 2856 3360 πρὸς
2904 3281 2974 3346 τὸ

600 3388 783 3461 σῶμα.
846 3382 1161 3449 Graecum
1212 3388 1359 3459 est,
1425 3382 1534 3447 sed
1592 3382 1674 3462 τῷ
1733 3380 1975 3459 σώματι
2037 3385 2103 3447 et
2160 3391 2239 3463 τῇ
2286 3387 2494 3465 ψυχῇ.
2591 3384 2974 3473 Interpolata

600 3496 750 3555 sunt
812 3490 942 3569 περὶ
1003 3488 1072 3553 τὸ
1136 3494 1317 3566 σῶμα
1380 3493 1445 3554 et
1491 3486 1634 3567 πρὸς
1682 3487 1792 3560 τὴν
1839 3487 2092 3567 ψυχήν.
2148 3507 2309 3572 quae
2354 3490 2546 3556 verba
2593 3491 2780 3576 plane
2828 3502 2975 3561 sunt

598 3597 799 3662 otiosa
844 3603 908 3661 et
954 3614 1431 3681 supervacanea.
1485 3590 1673 3661 Οὗτοι
1724 3596 1894 3659 enim
1947 3598 2094 3659 sunt
2131 3594 2181 3658 οἱ
2219 3593 2358 3675 περὶ
2401 3597 2510 3671 τὴν
2547 3603 2652 3663 τοῦ
2686 3601 2971 3679 σώματος

597 3704 865 3783 τροφήν,
930 3704 1039 3788 qui
1101 3704 1157 3766 si
1216 3700 1516 3766 dicuntur
1575 3702 1816 3766 nescire
1879 3696 1936 3784 δ’,
1989 3724 2048 3765 τι
2092 3700 2324 3780 xpm-bv
2372 3701 2406 3778 ἢ
2461 3706 2705 3785 πονηρόν
2753 3713 2974 3793 sponte

596 3809 987 3895 intelligitur
1047 3808 1129 3887 τῷ
1195 3810 1439 3884 σώματι
1460 3856 1475 3882 ,
1540 3812 1603 3871 et
1660 3810 1879 3871 eontra
1936 3808 2046 3890 qui
2095 3809 2294 3873 animi
2343 3807 2646 3877 alimenta
2691 3814 2975 3880 vendunt

598 3924 662 3982 et
728 3936 874 3980 suas
940 3934 1181 3979 merces
1248 3913 1543 3990 laudant,
1616 3915 1671 3977 si
1735 3912 2032 3977 dicuntur
2095 3915 2342 3993 ἀγνοεῖν
2411 3913 2477 3993 δ’,
2541 3942 2602 3981 τι
2657 3920 2888 3999 xpus-av
2935 3922 2968 3998 ἢ

599 4022 845 4101 πονηρόν
884 4020 1048 4086 nihil
1086 4039 1243 4105 opus
1282 4023 1377 4085 est
1415 4020 1561 4085 addi
1599 4028 1675 4099 τῇ
1703 4024 1908 4100 ψυχῇ.
1961 4018 2336 4088 Liberemus
2383 4022 2590 4109 igitur
2635 4025 2973 4093 Platonem

597 4129 840 4217 duplici
902 4125 1320 4204 emblemate,
1390 4124 1555 4211 quod
1626 4130 1693 4191 et
1751 4128 1964 4212 inepte
2028 4127 2310 4195 abundat
2370 4133 2436 4195 et
2497 4129 2665 4197 male
2732 4130 2971 4200 Graece

602 4238 848 4305 dictum
894 4238 1008 4301 est.

676 4448 836 4536 Pag.
908 4445 1036 4511 313
1092 4466 1157 4510 e:
1230 4444 1280 4508 εἶ
1346 4443 1458 4521 μὲν
1520 4437 1616 4508 οὖν
1680 4445 1756 4509 σὺ
1826 4443 2170 4526 τυγχάνεις
2238 4444 2550 4524 ἐπιστήμων
2602 4446 2830 4512 τούτων
2879 4448 2969 4535 [τί
