3369 5142
622 294 751 364 442
1598 314 2019 365 wnuonnnns.

708 486 998 572 Thucyd.
1045 484 1164 551 IV.
1220 484 1328 550 20.
1378 488 1439 551 3.
1490 485 1596 551 ἐάν
1645 509 1716 548 τε
1763 485 1958 563 γνῶτε
2007 484 2577 563 ΛακεδαιμονίΟΙΟ
2619 484 2811 563 ἔξεςιν
2854 484 2996 562 ὑμῖν

617 592 837 675 φίλους
900 591 1180 671 γενέσθαι
1243 590 1523 669 βεβαίως
1590 592 1790 655 αὐτῶν
1851 582 1926 655 τε
1987 590 2606 673 προκαλεσαμένΩΝ
2653 589 3000 671 χαρισαμέ·

620 708 793 763 vOlC
856 723 925 762 τε
988 702 1230 776 μᾶλλον
1285 698 1317 771 ἢ
1365 696 1852 775 βιασαμένΟΙΩ.
1931 697 2338 785 Thucydides
2393 698 2638 763 dixerat
2687 698 3001 763 Λακεδαι·

620 806 895 883 μονίΩΝ
958 800 1117 879 {gea-e
1187 842 1264 851 ——
1337 803 1952 885 προκαλεσαμένΩΝ
2012 810 2086 869 ut
2152 806 2292 881 ὑμῖν
2342 840 2427 853 —-
2471 804 2999 885 χαρισαμένΟΙΟ.

624 910 894 976 Perinde
942 910 1099 975 bene
1146 910 1380 975 dicitur
1427 910 1600 990 φίλοι
1647 908 2150 987 Λακεδαιμονίων
2199 916 2264 974 et
2313 909 2842 989 Λακεδαιμονίοις.

713 1123 1005 1209 Thucyd.
1074 1121 1181 1186 IV.
1250 1122 1359 1189 21.
1412 1120 1471 1185 2.
1524 1122 1573 1184 οἱ
1624 1120 1688 1184 δὲ
1739 1120 2101 1205 (Αθηναῖοι)
2147 1123 2268 1195 τας
2316 1123 2430 1199 μὲν
2478 1122 2745 1193 σπονδὰς
2799 1122 3000 1208 [ἔχον-

625 1253 727 1303 τες
791 1229 929 1301 τοὺς
991 1225 1212 1307 ἄνδρας
1277 1228 1336 1290 ἐν
1398 1235 1476 1307 τῇ
1520 1226 1706 1310 νήσῳ]
1759 1225 1866 1301 ἤδη
1915 1226 2126 1307 σφίσιν
2175 1224 2444 1309 ἐνόμιζον
2492 1228 2768 1307 ἑτοίμους
2809 1226 3000 1307 εἶναι,

627 1334 855 1401 ὁπόταν
924 1334 1272 1410 βούλωνται
1340 1334 1662 1419 [ποιεῖσθαι
1727 1331 1871 1413 πρὸς
1936 1332 2228 1417 cabroth-J,
2289 1339 2395 1399 τοῦ
2444 1335 2506 1401 δὲ
2555 1335 2828 1407 πλείονος
2877 1336 3005 1415 ὠρέ-

630 1464 828 1521 γοντο.
901 1439 1199 1524 Expunxi
1268 1436 1423 1503 olim
1496 1441 1858 1525 importuna
1925 1439 2118 1505 verba
2180 1441 2478 1505 ποιεῖσθαι
2536 1442 2680 1522 πρὸς
2745 1443 3003 1527 αὐτούς,

626 1567 788 1633 quae
856 1543 1240 1610 Herwerden
1306 1546 1545 1628 optime
1616 1542 1876 1611 delevit.
1969 1543 2283 1632 Compara
2350 1546 2566 1611 locum
2633 1547 2714 1611 H.
2783 1545 2887 1611 84.
2943 1551 3001 1611 2.

630 1652 735 1717 καὶ
784 1652 892 1726 τὴν
940 1650 1317 1729 ἐπιχείρησιν
1370 1649 1474 1728 ἐφ’
1526 1649 1724 1729 ἑαυτῷ
1776 1646 2043 1729 ἐνόμιζεν
2089 1646 2280 1735 εἶναι,
2321 1650 2550 1717 όπόταν
2589 1651 2912 1731 βούληται.

717 1759 1051 1823 Praeterea
1116 1758 1333 1843 gravis
1400 1758 1673 1840 suspicio
1742 1758 1979 1839 premit
2039 1756 2233 1823 verba
2293 1756 2538 1837 ἔχοντες
2599 1758 2738 1830 τοὺς
2784 1757 3005 1841 ἄνδρας

628 1866 688 1929 ἐν
750 1873 826 1945 τῇ
890 1866 1078 1943 νήσῳ,
1130 1883 1279 1927 nam
1331 1881 1456 1945 qua
1498 1866 1751 1925 tandem
1800 1863 2042 1926 ratione
2089 1861 2203 1927 illo
2253 1868 2534 1949 tempore
2581 1864 3002 1931 Athenienses

630 1970 756 2035 dici
803 1972 1065 2054 possunt
1111 1974 1222 2033 aut
1268 1968 1390 2031 sibi
1441 1965 1643 2031 videri
1693 1965 1858 2045 ἔχειν
1905 1967 2044 2039 τοὺς
2097 1965 2314 2048 ἄνδρας
2359 1971 2418 2033 ἐν
2459 1979 2538 2051 τῇ
2579 1969 2774 2052 vim?
2812 1970 3006 2037 Prae-

628 2082 801 2140 terea
844 2074 1279 2139 nominativus
1326 2070 1573 2155 ἔχοντες
1623 2093 1750 2136 non
1797 2074 1952 2139 satis
1997 2077 2344 2143 sententiae
2379 2079 2676 2163 congruit
2717 2083 2780 2141 et
2817 2078 3008 2143 verba

629 2186 922 2267 suspecta
988 2201 1112 2245 non
1182 2199 1295 2243 suo
1357 2177 1495 2243 loco
1553 2180 1762 2263 posita
1822 2184 2002 2262 sunt,
2071 2200 2222 2245 nam
2270 2186 2440 2246 arcte
2489 2184 2821 2248 coniuncta
2861 2188 3007 2249 sunt

630 2289 745 2359 τὰς
795 2286 1058 2359 σπονδὰς
1108 2285 1216 2362 ἤδη
1266 2285 1480 2367 σφίσιν
1528 2281 1796 2367 ἐνόμιζον
1845 2284 2117 2363 ἑτοίμους
2169 2282 2341 2350 εἶναι.

717 2498 1011 2590 Thucyd.
1064 2496 1177 2563 IV.
1228 2496 1334 2563 21.
1389 2493 1449 2560 3.
1496 2496 1748 2574 μάλιςα
1797 2496 1848 2560 δ’
1888 2496 2112 2569 αὐτοὺς
2164 2498 2340 2578 ἐνῆγε
2386 2500 2591 2565 Κλέων
2641 2504 2669 2567 ὁ
2719 2504 3008 2569 Κλεαινέ-

628 2631 733 2672 του
795 2607 971 2691 [ἀνὴρ
1036 2605 1412 2682 δημαγωγὸς
1475 2609 1621 2667 κατ’
1682 2602 1901 2668 ἐκεῖνον
1962 2605 2062 2669 τὸν
2124 2607 2334 2686 χρόνον
2382 2609 2458 2674 ὢν
2505 2609 2608 2675 καὶ
2659 2613 2744 2690 τῷ
2791 2612 3009 2686 πλήθει

628 2713 1099 2794 πιθανώτατος]
1178 2709 1453 2774 Evidens
1518 2712 1584 2773 in
1647 2713 1870 2795 paucis
1935 2709 2252 2777 emblema
2315 2715 2570 2779 tandem
2630 2715 3014 2783 Herwerden

628 2817 889 2884 sustulit
949 2821 1117 2882 recte
1181 2835 1557 2900 componens
1603 2813 1816 2879 locum
1869 2815 1983 2882 III.
2036 2816 2140 2884 36.
2195 2817 2256 2884 6.
2317 2819 2520 2886 Κλέων
2571 2823 2598 2886 ὃ
2648 2823 3012 2888 Κλεαινέτου

632 2962 713 2974 —-
776 2925 852 2989 ὢν
914 2922 1018 2987 καὶ
1087 2923 1143 2994 ἐς
1209 2916 1424 2985 τᾶλλα
1478 2919 1844 2997 βιαιότατος
1894 2930 2009 2986 τῶν
2057 2927 2321 2988 πολιτῶν
2371 2928 2453 3006 τῷ
2502 2950 2572 2990 τε
2620 2928 2789 3008 δήμῳ
2839 2929 3010 3011 παρὰ

628 3031 787 3096 πολὺ
838 3032 898 3094 ἐν
942 3029 1025 3110 τῷ
1074 3027 1216 3092 τότε
1263 3026 1703 3096 πιθανώτατος.
1779 3026 1948 3092 Hinc
1993 3029 2228 3096 sciolus
2269 3051 2384 3096 sua
2431 3033 2664 3098 sumsit
2711 3035 2818 3099 sed
2866 3037 3012 3102 vide

630 3156 820 3222 quam
884 3139 1115 3220 inepte.
1212 3134 1399 3218 Apud
1463 3155 1681 3198 verum
1749 3131 2190 3220 Thucydidem
2259 3139 2473 3203 omnia
2517 3143 2758 3225 optime
2803 3163 3012 3226 proce-

632 3242 824 3305 dunt:
898 3244 1059 3328 apud
1126 3238 1567 3324 Thucydidem
1630 3244 2031 3324 personatum
2102 3242 2384 3326 primum
2438 3244 2581 3325 ἀνὴρ
2631 3245 3012 3325 δημαγωγός

629 3349 856 3413 vitiose
900 3331 969 3410 et
1011 3351 1226 3410 contra
1274 3346 1633 3407 Atticorum
1682 3345 2200 3410 consuetudinem
2252 3347 2494 3412 dictum
2545 3357 2673 3434 est,
2721 3351 2827 3416 sed
2875 3373 3014 3436 per-

630 3453 971 3517 absurdum
1046 3454 1140 3514 est
1200 3449 1364 3533 quod
1426 3451 1740 3532 sequitur:
1806 3453 1949 3512 κατ’
2016 3453 2230 3516 ἐκεῖνον
2292 3451 2394 3516 τὸν
2451 3454 2663 3534 χρόνον
2710 3456 2826 3536 ὤν,
2879 3457 3012 3522 sive

630 3579 740 3642 per
810 3577 875 3620 se
944 3553 1275 3640 spectanda
1350 3553 1502 3617 haec
1574 3556 1766 3619 verba
1828 3561 2012 3640 sunt,
2074 3577 2196 3620 non
2258 3561 2505 3641 poterat
2569 3561 2736 3624 enim
2787 3583 3007 3647 pacem

630 3661 937 3745 impedire
993 3662 1119 3724 nisi
1173 3659 1287 3727 illo
1336 3663 1617 3744 tempore
1656 3661 1952 3738 vixisset,
2005 3664 2139 3726 sive
2186 3666 2624 3752 coniungenda
2669 3675 2821 3732 sunt
2865 3667 3005 3730 κατ’

631 3768 846 3831 ἐκεῖνον
907 3766 1007 3828 τὸν
1070 3763 1279 3846 χρόνον
1349 3767 1424 3830 ὢν
1470 3765 1616 3844 ἀνὴρ
1663 3765 2081 3844 δημαγωγός,
2132 3787 2256 3832 non
2305 3769 2587 3836 solebant
2633 3775 2808 3838 enim
2855 3772 3002 3838 Ora·

630 3879 796 3938 tores
843 3877 1042 3936 artem
1092 3872 1391 3936 desinere.

720 3977 966 4046 Similis
1033 3977 1185 4042 huic
1251 3977 1415 4061 apud
1474 3976 1917 4064 Thucydidem
1981 3978 2157 4044 locus
2203 3986 2298 4045 est
2344 3981 2450 4046 VI.
2507 3981 2614 4048 35.
2675 3983 3006 4060 Ἀθηναγό-

630 4109 770 4166 ρας,
841 4080 902 4154 ὃς
972 4083 1162 4159 δήμου
1234 4105 1305 4145 τε
1369 4081 1673 4159 προς-α’της
1744 4079 1808 4156 ἦν
1871 4085 1972 4149 καὶ
2049 4085 2109 4148 ἐν
2156 4088 2239 4166 τῷ
2292 4087 2541 4166 παρόντι
2592 4091 2998 4154 πιθανώτατος

634 4201 759 4262 τοῖς
808 4196 1084 4273 πολλοῖς,
1130 4209 1254 4272 quo
1296 4191 1570 4273 pertinet
1610 4191 1935 4254 annotatio
1972 4190 2138 4256 Aelii
2179 4191 2474 4279 Dionysii
2509 4193 2676 4278 apud
2699 4192 3006 4258 Photium

630 4296 1053 4366 Πιθανώτατος
1100 4301 1227 4366 τοῖς
1274 4300 1563 4366 πολλοῒςε
1616 4295 1642 4358 ὃ
1693 4295 2099 4368 πιςικώτατος
2147 4299 2251 4362 καὶ
2303 4299 2516 4362 πείθων
2557 4297 2694 4370 τοὺς
2737 4297 3002 4370 πολλοὺς

627 4402 798 4481 παρὰ
849 4400 1223 4486 Θουκυδίδῃ.ξ
