3369 5142
545 284 634 352 30
1531 305 1937 360 mmmmm

996 476 1218 558 μικράν
1267 499 1380 555 γε·
1431 484 1688 545 κινεῖται
1740 480 1867 559 γὰρ
1918 476 2104 551 εὐθύς
2156 499 2263 557 μοι
2306 479 2493 559 χολή,

999 583 1066 659 ἐξ
1113 581 1289 663 οὗπερ
1341 583 1504 648 ἔπιον
1552 585 1618 650 ἐκ
1665 585 1953 660 τοιαύτης
2001 583 2360 667 φάρμακον.

879 701 957 755 A.
1007 693 1092 763 εἰς
1143 693 1254 765 την
1299 691 1499 768 ἐμήν
1548 715 1646 755 νυν
1695 689 1920 772 ἔγχεον
1969 693 2077 766 την
2125 689 2401 772 μείζονα.

549 792 956 881 Colloquium
1019 802 1113 862 est
1172 797 1338 861 inter
1398 799 1689 876 Κοριαννώ
1740 806 1804 863 et
1848 797 2089 872 Γλύκην
2137 802 2461 883 praesente
2506 796 2759 864 servulo
2806 795 2927 883 Sy-

545 902 706 968 risco
726 950 741 979 ,
802 902 969 988 quod
1031 904 1358 988 apparebit
1419 905 1474 968 si
1539 903 1884 970 contuleris
1946 903 2177 969 Athen.
2242 903 2330 969 X.
2387 925 2450 989 p.
2508 901 2641 968 430
2688 903 2764 980 E,
2814 904 2928 967 ubi

548 1009 833 1073 eiusdem
896 1007 1148 1074 fabulae
1209 1009 1644 1096 fragmentum
1708 1009 2007 1076 laudatur
2025 1057 2041 1087 ,
2096 1009 2263 1094 quod
2306 1008 2486 1073 nullo
2531 1011 2791 1096 negotio
2835 1011 2928 1074 ita

546 1116 850 1179 constitui
910 1117 1174 1199 poterit,
1241 1121 1579 1200 postquam
1637 1113 1863 1184 Cobeti
1927 1118 2219 1181 acumine
2265 1113 2509 1201 Syriaci
2551 1134 2785 1180 nomen
2834 1135 2927 1180 re·

545 1221 990 1306 cuperavimus
1009 1269 1024 1294 ,
1097 1220 1266 1305 quod
1334 1220 1492 1286 olim
1565 1223 1632 1286 in
1701 1223 1909 1305 priore
1968 1221 2329 1308 fragmento
2390 1222 2508 1286 sub
2572 1221 2929 1306 corruptela

543 1326 972 1393 delitescebat.
1066 1323 1385 1392 Credibile
1447 1333 1542 1392 est
1601 1328 1768 1392 inter
1826 1333 2171 1412 utrumque
2230 1325 2444 1393 locum
2466 1377 2483 1412 ,
2544 1347 2731 1412 quem
2780 1326 2928 1392 vide

543 1433 710 1518 apud
757 1432 1160 1498 Meinekium
1208 1454 1270 1517 p.
1319 1431 1474 1510 282,
1529 1435 1915 1518 paucissima
1962 1433 2376 1499 intercidisse.

1447 1539 1867 1618 Κοριαννώ.
1910 1541 2141 1602 ’'An-or·
2191 1535 2281 1606 ἔτ’
2332 1535 2375 1602 ὦ
2422 1537 2652 1612 Γλύκη.

545 1644 841 1719 Γλύκη.
895 1645 1076 1726 ὑδαρῆ
1126 1643 1355 1724 ’νέχεέν
1399 1668 1528 1722 σοις
1581 1647 2001 1726 Κοριαννώ.
2053 1643 2425 1710 παντάπασι
2467 1645 2581 1722 μὲν
2620 1641 2719 1710 οὗν
2757 1640 2925 1724 ὕδωρ.

545 1753 834 1823 Γλύκη.
883 1753 944 1817 τί
993 1749 1262 1830 εἰργάσω
1278 1772 1295 1830 ;
1347 1757 1472 1824 πῶς
1523 1748 1565 1815 ὦ
1615 1749 1937 1832 κατάρατε
1988 1753 2039 1816 δ’
2086 1753 2343 1834 ἐνέχεας
2358 1772 2375 1829 ;

548 1859 964 1938 Συρίσκος.
1005 1857 1099 1922 δύ’
1145 1856 1395 1943 ὕδατος,
1423 1855 1752 1936 ὦμαμμη.
1789 1859 2079 1933 Γλύκη.
2116 1858 2255 1923 τίδ’
2282 1859 2469 1937 οἴνους
2502 1857 2920 1936 Συρίσκος.

2564 1962 2921 2046 [τέτταρας.

547 2071 962 2150 Κοριαννώ.
1012 2069 1123 2148 ἔρρ’
1174 2071 1233 2141 ἐς
1285 2069 1584 2150 κόρακας·
1635 2068 2051 2152 βατράχοισιν
2096 2071 2384 2151 οἰνοχοεῖν
2430 2093 2499 2134 σε
2549 2069 2656 2134 δεῖ.

543 2176 852 2241 Videmus
897 2177 1104 2262 igitur
1141 2175 1442 2241 mulieres
1489 2178 1802 2263 exagitari
1841 2171 1932 2239 ὅτι
1971 2161 2277 2254 μεγάλοις
2321 2175 2617 2255 ποτηρίοις
2664 2177 2924 2254 ἐχρῶντο

543 2281 949 2365 similemque
1010 2280 1224 2346 locum
1275 2301 1352 2345 ex
1398 2281 1526 2347 alia
1569 2281 1967 2347 Pherecratis
2012 2281 2229 2347 fabula
2273 2283 2637 2348 Athenaeus
2679 2282 2921 2346 ibidem

541 2389 799 2473 repetiit
822 2437 838 2461 ‚
890 2387 972 2452 cf.
1023 2385 1388 2452 Meinekius
1435 2409 1493 2473 p.
1549 2386 1701 2453 324.
1796 2387 1918 2453 Sed
1966 2387 2119 2472 qnid
2166 2393 2261 2453 est
2308 2386 2473 2453 illud
2512 2387 2679 2472 quod
2716 2387 2923 2473 Syris-

541 2513 691 2558 cum
751 2489 958 2579 Glyce
1020 2492 1236 2557 iubet:
1287 2494 1372 2559 εἰς·
1420 2493 1532 2567 την
1577 2495 1776 2570 ἐμήν
1824 2517 1928 2557 νυν
1974 2491 2200 2574 ἔγχεον
2246 2494 2352 2566 την
2404 2491 2698 2576 μεΙζοναΫ
2750 2493 2920 2559 Novi

541 2598 696 2684 quid
757 2601 841 2663 sit
905 2598 1124 2679 ἐγχεῖν
1183 2600 1293 2672 την
1349 2601 1676 2685 μεγάλην,
1741 2602 1939 2665 αἰτεῖν
1984 2601 2095 2675 την
2138 2599 2423 2685 μείζονα,
2474 2600 2630 2666 alias
2678 2600 2921 2666 similes

535 2703 914 2781 locutiones,
987 2724 1143 2789 quas
1203 2707 1259 2769 si
1317 2708 1459 2791 quis
1522 2707 1808 2772 nondum
1856 2707 2253 2790 observavit,
2301 2728 2492 2772 usum
2541 2706 2762 2773 docere
2812 2726 2920 2791 po-

538 2813 691 2876 terit
751 2810 1028 2876 Cobetus
1085 2814 1151 2876 in
1199 2810 1436 2875 Mnem.
1485 2809 1622 2876 VII.
1677 2811 1827 2877 150.
1878 2812 1999 2878 Sed
2045 2815 2243 2879 miror
2290 2832 2637 2899 pronomen
2686 2831 2925 2896 posses-

538 2920 752 2984 sivum
801 2918 954 2994 ἐμήν
974 2938 989 2953 ·
1043 2938 1165 2981 non
1215 2918 1386 2982 enim
1437 2915 1674 3004 Glyces
1720 2920 2026 2986 vinositas
2066 2920 2360 3007 arguitur
2397 2918 2507 2984 sed
2547 2916 2918 2985 Coriannus.

537 3022 842 3089 Videmus
890 3026 1104 3088 autem
1155 3025 1428 3089 comicos
1471 3029 1688 3109 poetas
1734 3025 2055 3091 interdum
2099 3031 2343 3091 veteres
2390 3024 2637 3089 fabulas
2691 3029 2920 3089 retrac-

536 3130 771 3195 tavisse
832 3130 1038 3211 iisque
1100 3148 1246 3193 usos
1291 3128 1486 3195 fuisse
1532 3150 1646 3215 pro
1694 3132 1860 3209 suis;
1909 3132 1973 3195 in
2024 3132 2237 3195 animo
2286 3135 2383 3196 est
2428 3131 2793 3216 propediem
2843 3129 2919 3194 de

535 3256 607 3301 eo
669 3237 1047 3321 argumento
1112 3236 1423 3319 quaedam
1486 3236 1724 3302 indicia
1784 3235 2083 3323 colligere
2140 3240 2209 3302 in
2273 3258 2475 3302 unum
2537 3242 2601 3302 et
2649 3237 2919 3321 experiri

532 3340 847 3426 numquid
892 3340 1052 3405 forte
1097 3341 1249 3406 novi
1295 3340 1444 3405 inde
1489 3340 1733 3407 efficere
1780 3344 2038 3425 possim.
2088 3342 2275 3407 Nunc
2322 3345 2476 3409 satis
2523 3348 2619 3407 est
2664 3362 2917 3427 compo·

533 3466 680 3512 nere
721 3447 1120 3511 Pherecratis
1167 3446 1597 3533 fragmentum
1641 3447 1809 3531 quod
1848 3448 2016 3534 apud
2056 3446 2461 3515 Athenaeum
2500 3448 2744 3535 legitur
2767 3444 2917 3511 VIII

531 3573 597 3637 p.
663 3550 794 3616 365
854 3550 919 3615 A
989 3572 1139 3617 cum
1201 3551 1567 3636 Apollodori
1629 3550 1910 3638 Carystii
1972 3552 2109 3618 loco
2167 3553 2335 3638 apud
2381 3554 2783 3620 Athenaeum
2830 3550 2918 3615 VI

535 3655 668 3722 243
723 3657 804 3734 D,
853 3656 1000 3722 vide
1047 3656 1446 3722 Meinekium
1491 3656 1634 3723 Vol.
1688 3657 1750 3721 Π
1796 3678 1859 3743 p.
1913 3657 2043 3722 275
2094 3664 2158 3724 et
2208 3657 2295 3723 IV
2343 3679 2405 3742 p.
2456 3655 2609 3724 447.
2674 3658 2915 3724 Eodem

533 3763 723 3829 modo
785 3784 932 3829 cum
993 3769 1208 3829 nostro
1267 3762 1406 3828 loco
1463 3763 1780 3829 conferam
1844 3764 2010 3849 quod
2057 3763 2421 3829 Athenaeus
2466 3764 2659 3831 habet
2704 3764 2805 3829 XI
2852 3784 2914 3849 p.

535 3867 666 3934 486
715 3868 802 3933 E:
853 3868 1086 3945 μέλη.
1135 3866 1288 3933 οὕτω
1337 3871 1632 3935 καλεῖταί
1680 3894 1817 3935 τινα
1869 3869 2157 3953 ποτήρια,
2208 3866 2281 3933 ὧν
2328 3872 2691 3948 μνημονεύει
2732 3870 2915 3935 Ἀνά-

532 3971 756 4050 ξιππος
808 3975 865 4039 ἐν
916 3973 1140 4053 Φρέατι
1194 3974 1393 4051 λέγων
1445 3972 1658 4045 οὕτως·
1779 4026 1782 4028 -

942 4080 1016 4144 σὺ
1065 4081 1129 4145 δὲ
1177 4083 1286 4155 την
1336 4079 1570 4159 μέλην,
1625 4081 1919 4161 Συρίσκε,
1966 4083 2219 4156 ταυτηνὶ
2271 4081 2489 4160 λαβών

945 4184 1190 4263 ἔνεγκον
1238 4186 1338 4249 ἐπὶ
1390 4188 1459 4250 τὸ
1506 4190 1701 4263 μνῆμ’
1751 4188 1975 4269 ἐκείνη,
2026 4185 2366 4265 μανθάνεις
2382 4209 2399 4265 ;

950 4292 1054 4355 καὶ
1105 4290 1443 4371 κατάχεον.

534 4398 760 4483 Itaque
804 4398 1088 4481 suspicor
1133 4396 1301 4481 apud
1346 4396 1789 4463 Pherecratem
1839 4398 2063 4462 itidem
2113 4397 2455 4487 legendum
2506 4414 2671 4461 esse:
