3369 5142
1452 301 1838 356 comooaun.
2701 284 2834 355 259

453 478 799 547 Manifesto
844 482 1137 565 corrupta
1180 478 1375 545 verba
1420 483 1570 543 sunt
1614 476 1736 557 ἦψέ
1783 504 1884 556 μοι
1935 480 2132 558 δοκεῖ,
2176 499 2292 545 nec
2351 480 2665 545 satisfacit
2727 474 2834 560 ἦρ’

455 587 587 666 ἐμοὶ
651 589 843 653 δοκεῖν
860 636 879 671 ,
942 587 1108 673 quod
1163 585 1321 650 bene
1368 586 1730 651 observavit
1776 586 2162 653 Meinekius.
2259 584 2528 653 Locutio
2574 594 2792 653 tamen
2815 636 2832 664 ,

456 714 617 780 quae
683 695 910 780 periit,
973 713 1125 758 vero
1186 688 1483 757 similiter
1541 694 1797 757 restitui
1859 695 2114 779 poterit.
2205 691 2394 759 Latet
2451 692 2616 758 illud
2678 716 2728 757 οι·
2745 695 2788 757 ὦ
2805 718 2836 765 ς

456 802 534 868 30
553 828 589 867 κ
608 809 723 872 εἷς
742 850 759 877 ,
843 799 1009 887 quod
1094 798 1387 864 oracionis
1470 800 1828 864 animandae
1909 822 2092 865 causa
2159 801 2564 885 interponitur
2581 848 2598 879 ‚
2675 820 2836 886 quae

456 909 895 975 Valckenaerii
956 906 1149 973 verba
1213 910 1363 970 sunt
1408 905 1487 971 ad
1535 906 1689 971 Eur.
1734 905 1996 993 Hippol.
2047 904 2199 971 446.
2292 904 2503 973 Lubet
2546 905 2837 991 exempla

455 1016 768 1104 quaedam
829 1014 1179 1081 adscribere
1196 1060 1215 1091 ,
1279 1018 1354 1077 ut
1416 1012 1493 1077 de
1548 1012 1670 1078 hoc
1717 1034 1839 1078 usu
1886 1012 2228 1079 lectoribus
2275 1019 2540 1080 constet.
2631 1012 2834 1079 'Pheo-

454 1121 673 1208 philus
721 1120 954 1187 Athen.
1004 1120 1108 1186 XI
1149 1141 1213 1205 p.
1263 1116 1395 1184 472
1442 1116 1503 1183 D
1550 1121 1838 1204 scripsit:

817 1224 1263 1306 τετρακότυλον
1311 1225 1373 1289 δὲ
1422 1226 1650 1290 κύλικα
1697 1226 2008 1306 κεραμέαν
2051 1228 2192 1291 τινὰ

822 1340 937 1398 τῶν
985 1330 1299 1410 θηρικείων
1347 1337 1471 1403 πῶς
1520 1330 1712 1405 δοκεῖς
1759 1334 2062 1413 κεραννύει
2115 1370 2199 1383 —-·
2247 1336 2474 1407 καλῶς.

460 1444 689 1508 Araros
736 1439 905 1505 dixit
950 1439 1185 1505 Athen.
1233 1437 1321 1503 IV
1367 1458 1431 1523 p.
1483 1436 1612 1504 175
1658 1438 1750 1504 D:

909 1546 965 1630 (ὅ
1014 1545 1095 1632 δ’)
1146 1544 1438 1625 ἁρπάσας
1488 1547 1798 1621 μόναυλον
1846 1543 2034 1618 εὐθὺς
2083 1553 2211 1618 πῶς
2262 1546 2454 1618 δοκεῖς

911 1654 1153 1732 κούφως
1200 1653 1527 1727 ἀνήλλετο.

458 1760 757 1849 Diphilus
803 1764 1019 1825 autem
1066 1756 1305 1824 Athen.
1354 1756 1417 1823 11
1460 1779 1519 1844 p.
1574 1756 1658 1825 67
1707 1757 1802 1825 D:

924 1864 1157 1931 δειπνεῖ
1195 1887 1265 1929 τε
1315 1864 1591 1937 καταδὺς
1639 1872 1766 1938 πῶς
1818 1864 2012 1937 δοκεῖς
2061 1872 2474 1945 Λακωνικῶς.,

461 1977 551 2039 sic
618 1975 791 2039 enim
858 1972 1135 2039 scribam
1205 1990 1411 2057 neque
1479 1970 1918 2061 interrogandi
1984 1976 2203 2037 notam
2275 1975 2624 2061 appingam
2692 1994 2838 2039 cum

462 2078 781 2146 Meinekio
825 2100 885 2165 p.
937 2075 1089 2143 419.
1140 2076 1583 2162 Aristophanis
1628 2080 1696 2143 in
1742 2076 1936 2143 Pluto
1983 2077 2159 2143 locus
2205 2084 2302 2144 est
2345 2100 2440 2145 vs.
2493 2076 2653 2145 742:

914 2186 967 2250 οἱ
1013 2184 1066 2249 δ’
1116 2184 1631 2262 ἐγκατακείμενοι
1677 2182 1830 2265 παρ’
1880 2184 2048 2263 αὐτῷ
2096 2186 2222 2257 πῶς
2271 2185 2462 2258 δοκεῖς

916 2292 1019 2356 τὸν
1067 2295 1341 2357 Πλοῦτον
1390 2288 1750 2370 ἠσπάζοντο.

462 2399 701 2467 Itidem
744 2401 813 2465 in
860 2398 1059 2465 Ranis
1105 2418 1203 2465 vs.
1254 2396 1373 2463 54:

602 2504 898 2589 ἐξαίφνης
945 2502 1135 2578 πόθος
1184 2542 1271 2553 -
1318 2508 1430 2579 τὴν
1476 2504 1732 2584 καρδίαν
1777 2503 2060 2584 ἐπάταξε
2109 2512 2234 2579 πῶς
2285 2505 2390 2573 οἴει
2437 2506 2702 2588 σφόδρα.

464 2613 649 2680 Unde
699 2616 837 2700 jam
896 2611 1075 2680 vides
1138 2613 1267 2684 πῶς
1330 2614 1523 2685 δοκεῖς
1588 2617 1653 2678 et
1712 2617 1838 2685 πῶς
1886 2610 1992 2677 οἴει
2039 2611 2402 2700 significare
2449 2609 2517 2678 εὖ
2564 2636 2688 2686 πως
2738 2612 2845 2680 vel

466 2721 630 2786 πάνυ
687 2719 794 2786 vel
845 2718 1010 2784 πάνυ
1059 2719 1299 2800 σφόδρα
1347 2717 1454 2785 vel
1496 2717 1761 2784 similia.
1855 2718 2158 2785 Adverbii
2205 2721 2406 2785 instar
2450 2723 2548 2785 est
2594 2727 2658 2786 et
2700 2722 2845 2807 jun-

462 2831 642 2916 gitur
699 2849 845 2894 cum
893 2827 1105 2894 verbis
1130 2873 1146 2904 ,
1191 2826 1521 2912 adjectivis
1568 2831 1633 2890 et
1670 2823 2005 2891 adverbiis.
2105 2825 2436 2891 Interdum
2486 2833 2702 2892 tamen
2749 2847 2843 2894 re-

462 2935 636 3003 ditur
680 2933 760 3000 ad
804 2935 1123 3020 propriam
1172 2938 1237 2998 et·
1280 2934 1682 3017 primitivam
1721 2934 2252 2998 constructionem
2271 2982 2288 3017 ‚
2331 2932 2518 3019 quale
2556 2933 2723 2999 illud
2748 2940 2846 2999 est

460 3043 659 3106 Arist.
711 3041 878 3106 Nub.
936 3037 1145 3105 1368:
1187 3035 1527 3103 κάνταῦθα
1569 3043 1694 3110 πῶς
1738 3034 1943 3102 οἴεσθέ
1984 3062 2100 3114 μου
2139 3043 2248 3114 τὴν
2273 3039 2524 3119 καρδίαν
2549 3040 2843 3121 ὀρεχθεῖν.

460 3145 586 3212 His
653 3147 858 3236 igitur
916 3147 1072 3214 locis
1135 3149 1303 3212 inter
1362 3165 1428 3210 se
1485 3143 1772 3222 collatis,
1834 3163 1957 3210 non
2005 3165 2232 3230 sequar
2279 3143 2804 3212 Valckenaerium
2824 3195 2843 3230 ,

459 3251 861 3319 Brunekium
908 3259 973 3318 et
1018 3249 1405 3318 Elmsleium
1452 3271 1568 3316 nec
1616 3251 1937 3338 corrigam
1985 3250 2188 3316 Arist.
2236 3251 2508 3317 Acharn.
2567 3255 2682 3317 12.
2667 3275 2684 3290 ·

916 3364 1041 3431 πῶς
1090 3357 1261 3423 τουτ’
1311 3355 1507 3422 ἔσεισέ
1555 3379 1670 3434 μου
1722 3358 1914 3429 δοκεῖς
1965 3381 2076 3432 την
2122 3356 2413 3442 καρδίαν,

459 3485 608 3530 nam
655 3466 935 3553 genuina
980 3487 1054 3531 ea
1098 3465 1265 3530 mihi
1311 3466 1625 3550 scriptura
1669 3463 1949 3539 videtur,
1995 3463 2180 3529 modo
2219 3465 2362 3548 quis
2399 3465 2660 3529 omittat
2697 3468 2844 3530 inu-

460 3570 575 3637 tile
633 3574 1147 3660 interrogationis
1192 3574 1485 3659 signum,
1535 3569 1704 3655 quod
1751 3571 1878 3638 viri
1924 3569 2096 3636 docti
2143 3569 2542 3635 addiderunt.
2592 3570 2844 3637 Pariter

459 3679 733 3745 Acharn.
780 3677 907 3744 24:

1300 3780 1442 3850 εἶτα
1491 3784 1543 3850 δ’
1592 3786 1908 3853 ὦςιοῦνται
1957 3786 2085 3856 πῶς
2135 3783 2328 3856 δοκεῖς

910 3889 1199 3965 ἐλθόντες
1248 3893 1575 3967 ἀλλήλοισι
1620 3889 1756 3971 περὶ
1806 3891 2042 3972 πρώτου
2087 3887 2302 3966 ξύλου.

457 4001 653 4067 Arist.
701 3999 763 4067 N
766 4000 873 4066 ub.
922 3995 1096 4066 881:

820 4106 945 4171 κάκ
988 4111 1107 4170 τῶν
1152 4103 1349 4170 σιδίων
1396 4102 1765 4184 βατράχους
1813 4102 2000 4167 ἐποίει
2047 4109 2173 4176 πῶς
2222 4103 2438 4176 δοκεῖς.

456 4211 659 4280 Arist.
704 4212 879 4279 Eccl.
930 4209 1091 4278 309:

908 4315 1169 4384 κᾶπειθ’
1216 4321 1245 4381 ὃ
1293 4317 1479 4394 δῆμος
1527 4317 1778 4399 αναβοᾷ
1829 4313 2012 4380 πόσον
2061 4315 2276 4387 δοκεῖς.

455 4427 653 4494 Addit
698 4425 1196 4493 Valckenaerins
1240 4426 1440 4489 etiam
1484 4424 1862 4488 recentiores
1907 4417 2256 4488 Graeculos
2298 4424 2590 4490 imitatos
2639 4425 2839 4494 fuisse
