3369 5142
578 264 710 333 294
1548 284 1972 335 'rnucrnmsa

578 478 767 545 quam
834 458 1251 543 suspitionem
1307 456 1571 541 pulchre
1632 454 2034 523 confirmavit
2093 458 2290 524 codex
2335 458 2677 525 Britannus
2699 507 2714 533 ,
2765 460 2949 525 cuius

578 566 944 631 auctoritati
991 562 1313 629 Stahlium
1362 564 1829 647 obtemperasse
1872 585 2040 628 nunc
2089 565 2294 631 video.
2929 578 2938 587 ·

670 671 826 756 Cap.
903 670 1005 752 14,
1078 669 1139 731 2.
1212 670 1361 731 ἀλλ’
1430 668 1681 746 ἀνάγκη
1753 672 1872 747 ἀφ’
1939 664 2014 733 ὧν
2075 668 2322 749 ἔχοντες
2386 670 2644 747 ἤλθομεν
2703 673 2803 736 τά
2866 695 2944 733 τε

579 776 771 842 ὄντα
821 777 953 839 καὶ
1004 775 1763 851 ἁπαναλισκόμενα
1811 776 2158 852 γίγνεσθαι.
2208 777 2582 843 Incredibile
2629 778 2806 843 dictu
2853 782 2951 843 est

576 884 770 948 verba
814 881 1151 948 manifesto
1200 881 1539 965 depravata
1584 902 1836 967 semper
1879 882 2086 947 adhuc
2134 886 2447 968 patienter
2497 884 2647 949 ferri
2693 884 2772 949 ab
2819 884 2949 951 edi·

578 990 825 1055 toribus
870 995 933 1052 et
980 987 1281 1073 explicari
1330 986 1589 1052 scilicet.
1687 987 1933 1053 Mirum
1986 1010 2109 1054 non
2153 996 2250 1055 est
2273 990 2452 1075 ‘quae
2493 990 2640 1055 inde
2677 989 2951 1055 efficiant

576 1098 731 1180 ipsis
794 1092 1076 1169 Graecis,
1147 1093 1377 1177 quibus
1422 1097 1635 1159 tamen
1680 1114 1806 1159 non
1854 1102 2142 1161 accurate
2188 1096 2566 1181 respondent
2583 1144 2601 1179 ‚
2649 1116 2774 1161 non
2815 1116 2951 1162 esse

580 1201 787 1267 multo
845 1200 1124 1265 clariora.
1176 1196 1469 1265 Classen:
1524 1220 1677 1283 „aus
1721 1200 1864 1265 dem
1913 1201 2422 1288 mitgebrachten
2467 1201 2952 1267 Mannschasten

586 1312 885 1385 „mfissen
956 1305 1195 1371 sowohl
1263 1306 1366 1372 die
1432 1306 1595 1371 noch
1658 1306 2100 1373 vorhandenen
2163 1308 2358 1393 (quod
2421 1306 2662 1375 Graece
2721 1308 2950 1375 saltem

583 1414 873 1491 „sonaret
940 1411 1027 1476 τά
1094 1436 1165 1476 τε
1238 1412 1603 1493 ὑπάρχοντα
1691 1411 1808 1493 ἔτι)
1893 1416 2013 1478 wie
2099 1412 2202 1479 dje
2285 1414 2632 1479 almahlieh
2716 1415 2951 1479 abhan-

583 1520 745 1599 „den
828 1518 1257 1584 kommenden
1318 1520 1555 1600 qescellt
1626 1520 1752 1583 und
1817 1525 2055 1601 erqffinzt
2128 1521 2360 1584 worden
2430 1520 2578 1605 (hoc
2647 1520 2784 1586 scil.
2855 1526 2952 1587 est

582 1623 1034 1703 „yiyveeoaet”
1126 1624 1305 1704 Quod
1368 1626 1680 1709 quomodo
1739 1630 1852 1691 aut
1911 1622 2050 1691 fieri
2092 1630 2208 1690 aut
2253 1626 2519 1714 cogitari
2564 1628 2798 1711 possit,
2848 1646 2952 1691 me

579 1732 833 1817 quidem
879 1730 1053 1797 latet.
1104 1730 1524 1796 Manifestum
1570 1736 1667 1795 est
1713 1752 1748 1794 e
1793 1730 1918 1796 loci
1949 1737 2249 1797 contextu
2287 1732 2408 1798 hoc
2444 1732 2652 1797 dicere
2671 1720 2950 1816 Niciam,

576 1859 831 1905 necesse
876 1858 1008 1903 esse
1054 1859 1131 1902 ex
1178 1838 1259 1901 iis
1304 1837 1531 1922 opibus
1546 1886 1560 1915 ,
1616 1838 1848 1921 quibus
1888 1840 2183 1903 instructi
2227 1838 2647 1905 Athenienses
2683 1842 2751 1903 in
2789 1837 2950 1903 Sici-

578 1945 735 2010 liam
797 1946 1117 2009 venissent
1137 1992 1151 2020 ‚
1221 1944 1477 2008 etiamsi
1538 1944 1904 2025 quotidiano
1965 1949 2348 2028 consumpta
2411 1944 2914 2010 decrescentibus
2933 1991 2949 2019 ,

580 2056 793 2115 tamen
840 2053 1055 2114 omnia
1103 2069 1262 2133 quae
1306 2046 1445 2113 fieri
1488 2049 1820 2132 deberent,
1869 2047 2109 2115 fierent.
2202 2050 2508 2128 Quocirca
2553 2051 2728 2116 Stud.
2773 2052 2951 2115 Thac.

580 2178 730 2244 pag.
804 2156 890 2221 94
948 2154 1350 2220 scribendum
1414 2156 1688 2220 conieci:
1753 2156 1901 2218 ἀλλ’
1948 2154 2198 2231 ἀνάγκη
2254 2158 2372 2235 ἀφ’
2420 2152 2496 2220 ὧν
2551 2156 2798 2236 ἔχοντες
2845 2158 2950 2231 ἥλ-

582 2264 759 2341 θομεν
806 2264 904 2326 τα
954 2260 1241 2325 δέοντα
1290 2259 1412 2325 ἀεὶ
1463 2260 2250 2337 ἀπαναλισκομένων
2297 2262 2661 2341 γίγνεσθαι,
2711 2266 2780 2327 in
2825 2284 2952 2349 qua

585 2372 945 2435 coniectura
1013 2366 1098 2431 τὰ
1170 2365 1451 2430 δέοντα
1523 2403 1606 2414 -
1680 2367 2112 2445 γίγνεσθαι
2181 2360 2405 2432 ⁵verum
2479 2369 2769 2443 videtur.
2837 2369 2949 2435 sed

582 2474 1169 2551 ἁπαναλισκομὲνων
1202 2472 1363 2537 mihi
1402 2473 1591 2537 hodie
1628 2492 1755 2537 non
1795 2493 2048 2558 prorsus
2071 2473 2403 2539 satisfacit.
2457 2474 2774 2554 Quaerant
2797 2472 2945 2541 alii!

666 2582 819 2667 Cap.
887 2579 991 2654 17,
1058 2579 1119 2644 3.
1185 2579 1289 2642 καὶ
1351 2580 1412 2642 ἐν
1478 2578 1699 2643 ὁλκοὶσι
1749 2577 2273 2658 παρεσκευάζοντο
2320 2581 2500 2646 αὐτοί
2543 2605 2614 2645 τε
2660 2584 2946 2650 oia-oes-

572 2695 907 2758 λοῦντες
959 2686 1223 2757 ὁπλίτας
1273 2685 1333 2756 ἐς
1380 2694 1490 2758 τῆν
1533 2687 1825 2749 Σικελίαν
1865 2686 1969 2749 καὶ
2013 2687 2080 2749 ἐκ
2116 2694 2226 2760 τῆς
2262 2685 2464 2760 ἄλλης
2490 2691 2944 2763 Πελοποννήσου

574 2799 623 2860 οἱ
674 2793 1147 2868 Λακεδαιμόνιοι
1194 2794 1278 2870 τῷ
1327 2793 1495 2870 αὐτῷ
1541 2791 1738 2870 τρόπῳ
1791 2792 2219 2878 [πέμψοντεςῙ.
2315 2793 2459 2858 Non
2523 2793 2840 2861 intellexit
2890 2796 2947 2860 is

574 2904 685 2987 qui
746 2899 993 2965 addidit
1052 2898 1408 2978 πέμψοντες
1472 2919 1505 2962 e
1554 2901 1868 2962 constanti
1914 2895 2300 2964 Graecorum
2351 2919 2471 2964 usu
2517 2912 2728 2966 mente
2774 2923 2946 2987 repe-

574 3008 837 3072 tendum
887 3026 1019 3070 esse
1066 3007 1529 3075 ὥποςελοῦντες.

666 3110 819 3197 Cap.
878 3110 978 3187 18,
1029 3108 1089 3174 2.
1139 3110 1389 3186 μοὶλιςα
1429 3109 1491 3172 δὲ
1530 3117 1655 3178 τοῖς
1699 3111 2203 3185 Λακεδαιμονίοις
2245 3111 2580 3189 ἐγεγένητό
2622 3136 2714 3182 τις
2755 3115 2945 3196 ῥώμη,

576 3219 723 3284 διότι
770 3219 910 3288 τοὺς
959 3214 1323 3288 Ἀθηναίους
1374 3214 1641 3295 ἐνόμιζον
1687 3215 1937 3280 διπλοῦν
1986 3216 2089 3281 τὸν
2137 3215 2407 3294 πόλεμον
2457 3215 2715 3297 ἔχοντας
2771 3219 2945 3304 [πρὸς

576 3331 748 3407 σφοῖς
800 3325 903 3388 καὶ
956 3323 1363 3407 Σικελιώτας]
1410 3319 2034 3400 εὖκαθαιρετωτέρους
2083 3319 2358 3386 ἔσεσθαι.
2423 3323 2818 3390 Perstolidus
2862 3327 2948 3390 sit

577 3450 828 3496 necesse
874 3437 967 3494 est
1014 3431 1125 3514 qui
1170 3428 1338 3512 quod
1386 3426 1621 3512 duplex
1670 3427 1916 3492 bellum
1963 3426 2457 3514 intelligendum
2505 3431 2588 3492 sit
2632 3438 2944 3515 punctum

576 3539 879 3620 temporis
926 3535 1217 3598 dubitare
1263 3535 1481 3618 possit.
1576 3533 1855 3598 Felicius
1907 3536 2106 3598 evasit
2153 3533 2330 3598 locus
2375 3555 2510 3619 cap.
2561 3533 2672 3619 28,
2721 3535 2760 3600 3
2821 3538 2946 3611 μοὶ-

577 3659 725 3710 λιςα
787 3641 841 3706 δ’
906 3639 1127 3710 αὐτοὺς
1192 3638 1429 3718 ἐπίεζεν
1491 3629 1591 3700 ὅτι
1633 3638 1734 3702 δύο
1783 3638 2087 3715 πολέμους
2137 3635 2278 3715 ἅμα
2327 3636 2528 3724 εἶχον,
2573 3642 2687 3707 ubi
2734 3647 2948 3708 tamen

580 3748 933 3814 Scholiasta
1001 3744 1371 3828 aequalibus
1440 3746 1572 3808 suis
1641 3743 1802 3812 utile
1874 3746 2271 3810 existimavit
2339 3753 2636 3812 annotare
2704 3749 2807 3811 τόν
2877 3773 2946 3811 τε

580 3852 1141 3924 Πελοποννησιακὸν
1192 3849 1294 3914 καὶ
1345 3849 1448 3913 τὸν
1496 3849 1837 3914 Σικελικόν.

667 3959 820 4044 Cap.
901 3957 1007 4041 19,
1070 3955 1133 4021 2.
1210 3959 1419 4033 ἡγεῖτο
1494 3954 1554 4019 δὲ
1607 3949 1804 4031 '‘Ayec
1868 3956 1894 4019 ὅ
1957 3957 2346 4037 Ἀρχιδάμου
2416 3957 2945 4044 [Λακεδαιμονίων

574 4066 935 4150 Romami-5}
1032 4062 1176 4126 Non
1236 4083 1339 4126 me
1403 4049 1677 4126 deterret
1739 4061 1916 4127 locus
1977 4083 2113 4146 cap.
2167 4062 2275 4139 27,
2320 4064 2363 4127 4
2409 4065 2710 4155 similiter
2755 4069 2948 4132 inter-

578 4173 831 4259 polatus
851 4219 865 4247 ‚
918 4170 993 4234 de
1039 4188 1164 4254 quo
1210 4167 1374 4232 infra
1418 4166 1797 4231 videbimus.

665 4279 943 4344 Ibidem:
1010 4273 1237 4353 α’πέχει
1303 4273 1355 4336 δ’
1406 4275 1438 4347 ἦ
1496 4273 1802 4337 Δεκέλεια
1849 4273 2090 4345 ςαδίους
2136 4273 2384 4348 μάλιςα
2432 4285 2542 4352 τῆς
2588 4281 2706 4342 τῶν
2754 4276 2946 4353 Ἀθη-

575 4386 754 4451 ναίων
819 4383 1053 4452 πόλεως
1118 4378 1300 4444 εἴκοσι
1370 4379 1473 4443 καὶ
1545 4378 1797 4456 ἑκατόν,
1867 4382 2299 4460 παραπλήσιον
2361 4382 2422 4446 δὲ
2471 4383 2575 4447 καὶ
2623 4386 2688 4448 οὐ
2735 4387 2945 4466 πολλῶ
