3369 5142
600 204 732 279 420
1604 230 1988 279 russanum

600 406 703 469 cui
764 401 1125 467 comoediae
1185 404 1482 469 notitiam
1548 401 1880 467 debemus:
1977 402 2318 481 Μένανδρος
2392 404 2454 469 ἐν
2531 404 2977 488 Συνερώσῃ,

600 510 709 575 sed
757 510 815 571 ἐν
865 514 1335 585 Συνερῶσιν.
1405 506 1583 572 Dicti
1634 509 1893 572 fuerunt
1939 508 2172 574 rivales
2218 508 2452 594 plurali
2490 534 2757 578 numero
2797 523 2979 577 Συνε-

600 624 845 696 ρῶντες,
918 616 1083 700 quod
1132 620 1195 679 et
1244 636 1353 700 per
1400 635 1466 679 se
1514 618 1936 678 necessarium
1989 624 2085 679 est
2132 622 2196 680 et
2251 615 2660 683 confirmatur
2705 618 2978 683 aliarum

600 722 961 789 fabularum
1012 721 1257 799 titulis,
1308 727 1784 797 συμπλεουσῶν,
1835 722 2476 803 συναποθνησκόντων,
2526 733 2978 807 συναριςωσῶν,

601 836 1131 913 συνεκπλεουσῶν,
1197 826 1555 907 συνερίθων,
1618 828 2022 905 συνεφήβων,
2075 829 2562 910 συντρεχόντων,
2612 832 2978 914 συντρόφων.

604 937 785 1017 Quod
832 936 991 1001 Bato
1040 934 1354 1022 singulari
1400 954 1665 999 numero
1715 934 1999 999 fabulam
2045 937 2368 1021 inscripsit
2417 937 2978 1016 Συνεξαπατῶντοι,

600 1044 669 1109 id
738 1042 901 1105 nihil
970 1060 1042 1105 eo
1112 1042 1387 1124 pertinet
1455 1046 1519 1105 et
1582 1039 1924 1105 discrimen
1989 1041 2174 1106 facile
2237 1046 2459 1108 sentiri
2515 1050 2742 1129 potest.
2833 1046 2980 1110 Duo

602 1148 839 1215 servuli
900 1145 1169 1211 herilem
1234 1144 1441 1211 filium
1506 1146 1581 1211 ad
1648 1167 1901 1211 omnem
1969 1151 2317 1231 nequitiam
2387 1151 2760 1238 adegerant;
2819 1152 2982 1217 alter

603 1257 935 1320 dominum
1001 1250 1388 1327 ἐξηπάτηκεν
1454 1261 1518 1317 et
1582 1252 1874 1317 dolorum
1937 1252 2164 1319 callide
2223 1257 2626 1321 inventorum
2683 1278 2978 1322 summus

602 1362 987 1426 architectus
1068 1360 1273 1424 fuerat
1354 1366 1419 1423 et
1495 1358 1871 1443 imperator3
1943 1357 2104 1424 alter
2171 1368 2418 1445 autem,
2495 1365 2602 1428 cui
2669 1365 2978 1430 secundae

601 1474 813 1553 partes
860 1488 897 1533 a
942 1472 1127 1551 poeta
1172 1466 1449 1531 tributae
1498 1472 1706 1543 erant,
1763 1464 2188 1541 συνεξηπάτά.
2258 1466 2381 1532 Sed
2429 1470 2537 1534 ubi
2588 1470 2712 1536 duo
2762 1478 2980 1537 amant

602 1574 888 1649 eandem,
982 1593 1109 1637 una
1188 1574 1529 1659 navigant,
1602 1576 2143 1650 commoriuntur,
2219 1582 2478 1660 uterque
2545 1578 2648 1659 ἐρᾷ
2674 1625 2691 1656 ,
2763 1582 2974 1658 Φιλεῒ,

602 1679 982 1755 ἀποθνήσκει
1024 1685 1088 1743 et
1129 1680 1318 1745 ambo
1354 1685 1699 1757 συνερῶσιν,
1729 1678 2144 1757 συμπλέουσιν
2164 1727 2181 1756 ,
2209 1680 2827 1758 συναποθνήσκουσιν,
2855 1689 2976 1749 cet.

690 1890 843 1957 Sine
888 1912 1073 1957 sensu
1120 1890 1485 1956 Meinekius
1531 1888 1733 1953 edidit
1781 1910 1839 1973 p.
1892 1888 2057 1955 205:

1277 1998 1361 2071 ἢν
1408 1994 1501 2059 ἀν
1546 2018 1637 2064 τις
1689 1995 1852 2070 ὑμῶν
1899 1996 2228 2061 παιδίον

1040 2104 1303 2184 finio-affl
1352 2102 1385 2175 ἢ
1434 2100 1766 2179 κέχρηκεν,
1817 2101 2024 2181 ἄνδρες
2072 2102 2476 2181 γλυκύτατοι.

600 2210 760 2275 Vere
806 2208 1078 2274 correxit
1124 2207 1589 2273 Herwerdenus
1637 2206 1880 2272 Mnem.
1932 2207 2139 2273 XVII.
2196 2208 2316 2275 75:
2360 2210 2783 2297 λοπάδιον,
2810 2212 2974 2299 quod

600 2319 799 2381 miror
872 2315 1184 2399 quomodo
1248 2332 1634 2397 quemquam
1701 2314 1922 2399 fugere
1981 2318 2296 2399 potuerit,
2358 2337 2504 2381 cum
2565 2320 2972 2383 notissimum

598 2422 763 2487 illud
827 2423 939 2486 sit:
1016 2422 1080 2483 ού
1146 2424 1262 2489 πῦρ
1323 2420 1447 2497 γὰρ
1508 2420 1692 2483 αἰτῶν
1743 2418 1872 2483 οὐδὲ
1919 2420 2143 2485 λοπάδ’
2189 2422 2572 2498 αἰτούμενος.
2649 2424 2772 2491 Sed
2821 2427 2974 2511 quid

596 2528 757 2595 latet
802 2528 921 2594 sub
971 2526 1039 2603 ἣν
1088 2523 1207 2591 biv?
1276 2524 1677 2614 Respondeo:
1731 2525 1904 2601 ἥδηε

1322 2632 1459 2710 ἤδη
1510 2657 1601 2704 τις
1652 2633 1816 2711 ὑμῶν
1861 2631 2246 2701 λοπάδιον

1048 2737 1316 2824 finiam-⁹
1368 2739 1401 2814 ἢ
1452 2739 1788 2819 κέχρηκεν,
1837 2738 2044 2820 ἄνδρες
2095 2743 2502 2820 ymnus-arou

596 2849 741 2914 Non
789 2847 1003 2912 minus
1052 2854 1148 2912 est
1193 2845 1463 2912 absurda
1508 2847 1774 2933 vulgata
1819 2846 2008 2912 lectio
2055 2869 2119 2933 p.
2171 2849 2336 2914 212:

959 2951 1303 3017 παύσαισθε
1354 2957 1531 3018 νοῦν
1582 2950 1958 3032 ἔχοντες·
2007 2955 2171 3019 οὐδὲν
2220 2957 2343 3036 γὰρ
2393 2957 2578 3022 πλέον

958 3057 1327 3141 ἀνθρώπινος
1378 3063 1506 3130 νοῦς
1556 3061 1679 3127 ἑςιν
1728 3059 1889 3124 ἀλλο
1935 3069 2046 3136 τῆς
2093 3062 2351 3143 nixus„

596 3169 822 3236 deinde
891 3167 1103 3253 pergit
1172 3171 1358 3250 poeta
1426 3165 1860 3250 philosophari
1927 3173 1991 3231 et
2061 3169 2336 3233 ostendit
2405 3171 2696 3236 omnium
2757 3193 2970 3238 rerum

594 3295 928 3341 summum
992 3275 1279 3360 regimen
1340 3293 1411 3336 ac
1472 3273 1904 3356 principatum
1961 3293 2150 3357 penes
2196 3275 2543 3341 Fortunam
2589 3299 2724 3343 esse
2747 3326 2764 3355 ,
2811 3299 2973 3362 quae

596 3382 860 3464 κυβερνᾷ
926 3377 1169 3455 πάντα,
1240 3377 1348 3443 sed
1396 3397 1474 3442 ne
1518 3381 1654 3462 ipse
1707 3377 2000 3443 videatur
2037 3382 2340 3464 ineptire,
2389 3403 2514 3447 non
2561 3389 2768 3468 potest
2813 3385 2972 3451 alios

585 3488 809 3574 jubere
872 3505 1088 3550 sanam
1146 3488 1426 3548 mentem
1483 3504 1710 3548 exuere
1755 3492 1818 3548 et
1865 3505 2024 3568 quae
2072 3493 2166 3549 est
2207 3487 2332 3550 ista
2379 3487 2652 3554 delirans
2697 3491 2971 3576 philoso-

594 3593 781 3682 phia,
847 3611 1006 3676 quae
1066 3609 1179 3654 nos
1234 3593 1410 3654 vetat
1458 3594 1585 3653 νοῦν
1638 3585 1846 3668 ἔχεινῗ
1941 3588 2063 3654 Sed
2107 3596 2247 3674 post
2291 3592 2548 3680 longam
2597 3595 2972 3682 disputatio-

592 3721 741 3766 nem
800 3696 1059 3762 tandem
1108 3697 1395 3780 exsurgit
1444 3697 1556 3779 qui
1594 3697 1690 3760 ita
1735 3695 1926 3759 dicit:
1982 3695 2320 3762 παύσασθε
2369 3705 2500 3764 νῦν
2549 3701 2964 3781 λέγοντες.

596 3806 721 3887 Qui
768 3804 1097 3886 descripsit
1142 3801 1245 3864 τὸν
1294 3805 1424 3866 νοῦν
1465 3800 1739 3866 habebat
1787 3798 2064 3866 ἔναυλον·
2113 3802 2260 3870 hinc
2307 3813 2532 3872 natum
2573 3809 2830 3875 vitium.

688 4011 873 4080 Certa
920 4016 1223 4079 correctio
1270 4020 1402 4091 est,
1451 4016 1519 4078 in
1568 4034 1759 4098 quam
1807 4015 2004 4080 incidi
2051 4039 2115 4102 p.
2169 4017 2337 4086 220:

910 4122 1015 4185 οὐκ
1062 4119 1137 4184 ἀν
1185 4119 1407 4196 γένοιτ’
1458 4121 1698 4199 ἐρῶντος
1747 4118 2118 4200 ἀθλιώτερον

908 4225 1073 4291 οὐδὲν
1123 4225 1401 4304 γέροντος
1451 4228 1609 4300 πλὴν
1662 4223 1856 4306 ἕτερος
1907 4229 2156 4307 γέρων
2205 4233 2416 4311 ἐρῶν

908 4325 967 4410 ὃς
1018 4333 1143 4414 γὰρ
1192 4334 1531 4399 ἀπολκύειν
1578 4332 1840 4412 βούλεθ’
1896 4331 1970 4400 ὧν
2017 4339 2586 4405 ἀπολείπεται
