3369 5142
586 344 672 415 74
1573 364 1994 421 mnummns.

673 538 796 605 Sed
845 543 939 605 est
984 540 1052 603 in
1097 538 1199 605 his
1245 540 1452 605 multo
1501 543 1698 607 etiam
1744 542 2004 630 gravior
2050 546 2114 607 et
2164 546 2412 628 turpior
2457 566 2627 611 error
2674 542 2969 608 commis·

582 666 689 711 sus
733 646 802 710 in
846 646 1038 712 verbo
1083 629 1528 727 πρεσβεύεσθαι
1576 669 1691 733 pro
1734 648 2099 727 πρεσβεύειν
2145 652 2371 735 posito,
2464 650 2824 718 Discrimen
2874 654 2971 715 est

582 757 718 817 tam
781 757 1004 818 notum
1073 774 1265 837 quam
1330 760 1596 818 certum.
1663 755 2036 833 Πρεσβεύειν
2099 758 2271 819 enim
2336 760 2431 822 est
2493 758 2747 839 leyatum
2808 778 2967 839 eece,

582 859 1032 937 πρεσβεύεσθαι
1103 860 1323 941 leqatoo
1393 865 1637 925 mittere.
1734 859 2194 945 Exemplorum
2264 860 2452 946 plena
2513 868 2663 927 sunt
2727 862 2966 927 omnia.

583 962 706 1029 Sed
778 968 927 1029 sunt
989 963 1158 1030 docti
1218 964 1508 1029 homines
1572 968 1683 1050 qui
1732 969 2071 1052 opinantur
2118 966 2287 1051 apud
2334 965 2778 1055 Thucydidem
2828 990 2968 1045 πρε-

581 1070 911 1150 σβεύεσθαι
981 1089 1459 1155 nonnumquam
1527 1072 1678 1155 poni
1753 1092 1865 1157 pro
1928 1072 2273 1153 leyationem
2332 1078 2510 1137 obire.
2597 1071 2840 1169 Fraudi
2886 1074 2966 1135 iis

581 1176 705 1242 fuit
748 1176 926 1242 locus
972 1176 1088 1241 VI.
1145 1174 1292 1243 104.
1344 1174 1371 1239 ὁ
1421 1174 1741 1249 Γύλιππος
1790 1180 1859 1243 ἐκ
1906 1182 2013 1243 τοῦ
2064 1179 2386 1257 Τάραντος
2438 1180 2497 1253 ἐς
2546 1179 2656 1253 τὴν
2709 1178 2964 1258 Θουρίαν

584 1289 812 1362 πρῶτον
878 1283 1416 1363 πρεσβευσάμενος
1480 1286 1651 1348 κατα
1701 1286 1809 1358 την
1858 1288 1963 1348 τοῦ
2015 1283 2244 1364 πατρός
2293 1309 2443 1349 ποτε
2492 1286 2811 1349 πολιτείαν
2858 1283 2962 1348 καὶ

582 1392 649 1455 οὔ
711 1388 1040 1467 δυνάμενος
1101 1388 1326 1460 αὐτοὺς
1376 1388 1893 1468 προσαγαγέσθαι
1941 1390 2093 1471 ἄρας
2144 1389 2448 1471 παρέπλει
2497 1392 2607 1465 την
2656 1390 2963 1455 Ἰταλίαν.

584 1496 910 1561 Annotant
958 1492 1288 1561 Graeculi:
1339 1494 1915 1575 πρεσβευσάμενοςτ
1968 1497 2273 1576 πρεσβεὺς
2319 1496 2393 1561 ὢν
2440 1496 2657 1575 αὐτός,
2694 1496 2802 1562 sed
2842 1516 2966 1561 non

585 1602 744 1669 solet
789 1605 846 1667 is
893 1602 1002 1686 qui
1049 1622 1194 1666 cum
1244 1602 1513 1687 imperio
1561 1606 1656 1668 est
1702 1604 1836 1689 ipse
1880 1602 2135 1690 legatus
2180 1604 2307 1687 ire,
2348 1604 2457 1669 sed
2498 1604 2657 1669 alios
2687 1604 2964 1678 mittere,

585 1713 650 1775 et
709 1707 1250 1789 πρεσβευσάμενος
1299 1706 1619 1796 significat
1654 1708 1827 1773 idem
1868 1709 2035 1792 quod
2074 1730 2325 1794 semper
2361 1708 2627 1789 πέμψας
2657 1706 2963 1788 πρεσβευ-

585 1816 695 1891 τὴν
744 1815 850 1881 vel
898 1813 1207 1894 πρέσβεις.
1303 1812 1620 1880 Tenemus
1665 1816 1870 1902 igitur
1918 1814 2014 1878 ἐπ’
2064 1816 2395 1896 αὐτοφώρῳ
2444 1814 2961 1902 interpolatores,

585 1925 694 2008 qui
741 1922 819 1987 de
864 1943 979 1988 suo
1027 1921 1540 2001 πρεσβευσάμενοι
1590 1927 1654 1986 et
1701 1921 2177 2003 πρεσβευόμενοι
2225 1922 2622 1987 addiderunt.

673 2132 966 2220 Thucyd.
1042 2130 1091 2196 I.
1157 2132 1262 2196 32.
1337 2131 1627 2215 Δίκαιον,
1690 2127 1733 2194 ὦ
1797 2131 2136 2210 Ἀθηναῖοι,
2203 2131 2343 2205 τοὺς
2403 2131 2553 2209 μήτ’
2602 2130 2962 2211 εὐεργεσίας

579 2240 874 2319 μεγάλης
922 2240 1086 2315 μήτε
1133 2236 1516 2318 ξυμμαχίας
1565 2237 2088 2318 προύφειλομένης
2140 2235 2395 2311 ἥκοντας
2446 2238 2619 2317 παρὰ
2666 2236 2806 2308 τοὺς
2848 2235 2961 2301 πέ-

581 2363 700 2421 λας
785 2345 1126 2424 ἐπικουρίας
1203 2342 1427 2429 [ὥσπερ
1502 2342 1605 2407 καὶ
1681 2344 1856 2420 ἡμεῖς
1929 2344 2058 2429 νῦν]
2132 2343 2522 2419 δεησομένους
2592 2341 2959 2419 άναδιδάξαι

581 2454 810 2533 πρῶτον
872 2451 1000 2517 κτὲ.
1094 2448 1238 2515 Non
1299 2451 1583 2534 persuasi
1643 2448 2071 2514 Herwerdeno
2135 2450 2328 2517 verba
2382 2446 2581 2530 ὥσπερ
2630 2448 2732 2513 καὶ
2786 2451 2961 2525 ἡμεῖς

582 2564 680 2627 νῦν
740 2558 982 2626 alienae
1041 2577 1269 2622 manus
1327 2577 1459 2621 esse
1507 2555 2018 2621 additamentum
2066 2561 2131 2621 et
2171 2577 2425 2643 prorsus
2468 2554 2697 2621 inutile
2740 2576 2812 2620 ac
2859 2576 2963 2620 su-

580 2686 1041 2754 pervacaneum
1104 2669 1168 2729 et
1229 2663 1628 2748 ineptissimo
1690 2660 1828 2726 loco
1888 2664 2239 2745 insertum,
2296 2682 2571 2747 namque
2617 2661 2959 2742 ἐπικουρίας

581 2774 970 2850 δεησομένους
1035 2767 1232 2848 ὥσπερ
1297 2767 1457 2854 (sine
1523 2769 1655 2850 καί)
1707 2769 1882 2842 ἡμεῖς
1938 2771 2039 2832 νῦν
2087 2772 2437 2852 utcumque
2484 2769 2633 2833 ferri
2678 2772 2956 2854 poterat,

577 2879 688 2946 sed
748 2878 1054 2964 vulgatus
1115 2874 1266 2941 ordo
1325 2871 1746 2950 intolerabilis
1794 2877 1910 2939 est.
2003 2872 2216 2939 Simul
2263 2873 2510 2939 ostendi
2559 2876 2756 2939 etiam
2806 2871 2960 2938 alibi

580 2984 862 3050 eiusdem
874 2982 1044 3047 modi
1107 2979 1404 3044 Scholion
1464 2984 1577 3043 aut
1638 2979 2030 3064 adscriptum
2094 3001 2226 3045 esse
2273 2982 2341 3044 in
2392 2983 2686 3066 margine
2734 2985 2846 3044 aut
2893 2980 2961 3042 in

579 3096 831 3156 textum
893 3088 1251 3172 irrepsisse,
1315 3091 1391 3149 ut
1451 3083 1557 3150 IV.
1627 3085 1734 3149 92.
1798 3087 1847 3150 οἱ
1896 3087 2113 3166 ἰσχύος
2164 3109 2278 3150 που
2328 3085 2529 3164 θράσει
2577 3091 2701 3155 τοῖς
2753 3081 2957 3154 πέλας

585 3193 808 3282 [ὥσπερ
855 3193 1334 3274 Ἀθηναῖοινῦν]
1382 3189 1672 3264 ἐπιόντες.
1735 3191 1994 3256 Addam
2039 3213 2206 3257 nunc
2255 3193 2451 3256 etiam
2497 3188 2702 3274 plura.
2767 3187 2959 3275 Legi-

580 3309 688 3369 tur
733 3301 783 3367 Ῑ.
833 3299 940 3366 82.
989 3301 1058 3363 in
1105 3301 1386 3364 oratione
1432 3296 1806 3363 Archidami
1851 3300 2021 3384 regis
2068 3295 2561 3382 Spartanorum:
2614 3295 2843 3360 κελεύω
2870 3332 2959 3345 -

578 3411 664 3480 τὰ
711 3406 980 3487 ἧμέτερα
1026 3407 1224 3471 αὐτῶν
1273 3401 1668 3485 ἐξαρτύεσθαι
1717 3402 2079 3483 ξυμμάχων
2124 3426 2195 3467 τε
2242 3411 2623 3483 προσαγωγῇ
2665 3402 2770 3465 καὶ
2816 3408 2958 3467 Ἐλ-

579 3515 772 3590 λὴνων
819 3513 923 3577 καὶ
973 3510 1347 3595 βαρβάρων,
1396 3509 1454 3574 εἴ
1497 3507 1670 3574 ποθέν
1718 3532 1856 3574 τινα
1906 3509 1939 3585 ἡ
1989 3513 2272 3572 ναυτικοῦ
2322 3509 2355 3582 ἢ
2404 3507 2746 3587 χρημάτων
2785 3507 2963 3573 δύνα-

579 3644 684 3699 μιν
755 3616 1277 3700 προσληψόμεθα·
1349 3615 1749 3697 άνεπίφθονον
1816 3615 1879 3678 δὲ
1951 3616 2070 3679 ὅσοι
2138 3609 2364 3700 [ὥσπερ
2424 3614 2528 3678 καὶ
2597 3617 2804 3698 ἡμεῖς]
2854 3615 2959 3680 ὑπ’

577 3725 908 3801 Ἀθηναίων
974 3723 1616 3800 ἐπιβουλευΟΜΘΘΑ
1672 3722 1760 3798 μὴ
1818 3718 2136 3795 Ἕλληνας
2192 3721 2368 3799 μόνον
2428 3722 2603 3786 άλλά
2652 3721 2756 3784 κα)
2805 3723 2963 3800 βαρ-

579 3831 808 3915 βάρους
857 3827 1332 3911 προσλαβόντας
1377 3827 1758 3902 διασωθὴναι.
1808 3825 2158 3912 Aliquanto
2193 3827 2444 3914 turpius
2480 3826 2603 3892 hoc
2644 3824 2963 3910 emblema

581 3945 676 4005 est
761 3943 825 4003 et
907 3936 1266 4002 evidentius
1339 3954 1529 4018 quam
1600 3933 1878 4019 reliqua:
1949 3935 2016 3998 in
2087 3937 2350 4000 caeteris
2421 3936 2591 3998 enim
2662 3937 2758 4010 est
2828 3954 2963 3998 sen-

581 4046 783 4110 tentia
850 4041 1172 4131 generalis
1233 4040 1337 4104 cui
1399 4044 1749 4124 utcumque
1813 4041 2017 4124 aptari
2078 4045 2287 4126 potest
2346 4037 2547 4120 ὥσπερ
2598 4039 2782 4116 ἡμεῖς
2826 4043 2960 4117 νῦν,

581 4148 780 4232 ὥσπερ
850 4151 1156 4223 Ἀθηναῖοι
1226 4149 1327 4208 νῦν
1397 4150 1462 4210 et
1531 4145 1795 4211 similia.
1888 4143 2013 4210 Sed
2084 4145 2235 4210 audi
2304 4144 2459 4230 quid
2540 4144 2965 4212 Archidamus

583 4257 788 4324 dicat:
849 4259 1026 4332 ἡμεῖς
1096 4249 1328 4323 πάντες
1396 4242 1448 4314 οἳ
1497 4252 1602 4315 ὑπ’
1651 4251 1983 4321 Ἀθηναίων
2034 4252 2560 4330 ἐπιβουλευόμεθα
2609 4248 2807 4331 ὥσπερ
2857 4249 2960 4314 καὶ

583 4368 783 4443 ἡμεῖς.
874 4362 1020 4428 Non
1065 4364 1160 4426 est
1205 4359 1360 4424 haec
1405 4360 1542 4424 sani
1587 4359 1869 4424 hominis
1915 4360 2135 4424 oratio.
2229 4358 2616 4424 Herwerden
2665 4361 2961 4424 annotat:

586 4492 702 4554 „ne
757 4471 1016 4564 conicias
1077 4465 1582 4547 ἐπιβουλεύονται
1643 4467 1731 4552 qs.
1788 4463 1901 4530 ῙῙΙ.
1954 4463 2106 4530 76.”
2156 4465 2269 4529 ubi
2314 4463 2545 4530 edidit:
2602 4463 2672 4540 ἢν
2718 4463 2767 4528 οἱ
2818 4465 2963 4543 ἡγε-
