3369 5142
589 281 719 360 388
1673 309 1914 368 orosae.

586 483 827 547 deorum
886 489 1291 577 hominumque
1328 489 1569 575 famam
1584 537 1601 569 ,
1661 502 1729 555 at
1785 492 1954 554 illam
2011 490 2216 573 ipsam·
2242 495 2462 555 noctem
2488 490 2786 578 facesque
2828 491 2978 556 illae

587 592 912 674 nuptiales.

680 697 875 766 Recte
942 703 1256 772 iudicavit
1323 705 1389 768 in
1459 705 1578 770 hac
1648 705 1999 771 sententiae
2059 706 2264 770 forma
2323 722 2532 770 nomm
2589 705 2802 771 locum
2846 724 2972 770 non

586 805 854 892 habere,
898 814 962 874 et
998 827 1125 876 Non
1165 831 1298 876 esse
1338 811 1522 877 unice
1563 829 1808 876 verum.
1859 811 2194 877 Terentius
2231 812 2297 876 in
2321 811 2708 878 Phormione
2731 811 2812 877 11.
2847 813 2968 878 12:

1540 939 1657 982 non
1703 918 2072 983 simultatem
2117 940 2300 982 meam

1312 1030 1571 1089 revereri
1613 1025 1861 1090 saltem!
1906 1048 2024 1088 non
2056 1025 2333 1109 pudere!

682 1132 848 1198 Vera
916 1129 1140 1194 lectiot
1214 1147 1341 1195 non
1411 1131 1679 1195 timuisse
1748 1135 2000 1197 servata
2061 1135 2158 1196 est
2219 1133 2416 1197 etiam
2478 1153 2513 1196 a
2578 1130 2972 1212 Quintiliano

590 1240 706 1307 IV.
754 1238 820 1306 2.
874 1235 1023 1302 105.

679 1448 754 1512 In
816 1448 852 1531 ξ
902 1445 1022 1511 32:
1086 1446 1265 1511 ceteri
1322 1469 1439 1510 non
1487 1447 1765 1511 videntur
1813 1447 1878 1510 in
1924 1447 2184 1528 sinqulis
2228 1447 2560 1512 homiuibus
2604 1449 2792 1512 multa
2825 1471 2974 1534 par-

588 1555 811 1619 ricidia
868 1557 1157 1635 susm‘pere
1192 1570 1396 1634 posse:
1457 1552 1823 1636 Oppianicus
1865 1554 2142 1618 iuventus
2189 1561 2275 1619 est
2317 1553 2423 1639 qui
2467 1559 2530 1616 iu
2577 1576 2693 1618 uno
2736 1576 2974 1639 corpore

574 1662 791 1746 plures
833 1667 1089 1724 necao-et.

678 1767 990 1833 Restituit
1036 1765 1104 1830 id
1150 1765 1317 1850 quod
1363 1769 1431 1831 in
1472 1765 1589 1831 tali
1626 1767 2017 1852 oppositione
2056 1766 2348 1852 usurpari
2381 1765 2576 1832 solet:
2615 1767 2972 1850 (sppianieus

588 1891 755 1941 UNUS
802 1874 1079 1939 iuventus
1124 1879 1229 1937 est.

679 2087 756 2152 In
801 2088 836 2172 ξ
884 2084 1003 2150 36:
1050 2086 1285 2168 lonyum
1332 2092 1418 2149 est
1463 2084 1660 2149 dicere
1702 2084 1915 2170 [mihi]
1943 2091 2298 2170 praesertim
2335 2086 2419 2151 ad
2454 2087 2584 2149 alia
2600 2089 2966 2170 properanti.

682 2191 945 2259 Codices
1000 2192 1198 2254 dicere
1238 2190 1389 2254 mihi
1426 2195 1539 2256 aut
1586 2190 1735 2254 mihi
1780 2192 1994 2258 dicere.
2088 2191 2327 2258 Melius
2373 2191 2693 2281 Pluygers
2740 2194 2968 2259 inutile

589 2318 933 2386 pronomen
978 2296 1261 2364 sustulit.

678 2513 753 2578 In
821 2514 856 2597 ξ
924 2509 1043 2579 37:
1115 2513 1376 2575 Asuvius
1423 2547 1505 2559 —
1556 2510 1732 2596 quasi
1798 2510 1866 2575 in
1934 2511 2204 2578 hortulos
2273 2513 2448 2599 [iret]
2521 2518 2587 2577 in
2657 2511 2968 2579 arenarius

586 2620 871 2706 quaedam
918 2626 1087 2683 extra
1115 2606 1353 2703 portani
1398 2617 1782 2703 Esquilinam
1821 2618 2145 2699 perductus
2191 2620 2501 2685 occiditur.

679 2726 999 2813 Pluygers
1059 2724 1359 2789 admonet
1418 2724 1535 2787 iret
1597 2744 1731 2788 esse
1791 2723 2145 2789 insiticium
2194 2729 2259 2791 et
2304 2725 2670 2791 delendum.
2767 2724 2965 2791 Video

587 2832 1011 2899 Mommsenio
1054 2829 1229 2894 idem
1276 2832 1344 2893 in
1392 2835 1675 2894 mentem
1724 2830 2007 2907 venisse3
2055 2833 2190 2895 sine
2239 2830 2433 2896 dubio
2476 2845 2644 2897 recte
2698 2837 2964 2916 uterque

586 2939 770 3007 vidit.
864 2936 1144 3003 Asuvius
1206 2938 1377 3000 enim
1428 2935 1506 3001 ab
1552 2937 1633 2999 iis
1677 2938 1787 3019 qui
1836 2936 2226 3001 simulabant
2273 2958 2338 3001 se
2385 2938 2453 3001 in
2499 2937 2788 3003 hortulos
2835 2938 2963 3021 ire,

584 3046 699 3110 ubi
745 3040 1187 3110 meretriculae
1233 3041 1534 3107 sedebant
1552 3088 1567 3119 ‚
1612 3043 1681 3106 in
1732 3041 1941 3108 locum
1991 3041 2071 3109 ad
2119 3042 2374 3109 caedem
2419 3042 2774 3109 faciendam
2828 3044 2965 3109 ido·

582 3172 776 3219 neum
823 3150 1163 3237 perductus
1208 3153 1325 3214 est.

672 3363 747 3428 In
791 3364 827 3448 ξ
876 3363 991 3428 50:
1040 3364 1351 3427 accusabat
1396 3372 1589 3425 autem
1634 3362 1742 3425 ille
1787 3361 2021 3445 quidem
2067 3362 2487 3427 Scamandrum
2531 3364 2724 3427 verbis
2770 3364 2963 3427 tribus

586 3471 915 3556 [mmmm
983 3486 1139 3535 ESSE
1199 3470 1724 3549 DRPRRERNsUM]:
1789 3468 1984 3531 omnia
2047 3470 2168 3532 tela
2231 3470 2414 3533 totius
2461 3470 2852 3535 accusationis
2898 3470 2966 3533 in

593 3576 980 3661 Oppianicum
1026 3576 1507 3640 coniiciebantur.

670 3682 913 3748 Lucem
985 3702 1057 3747 ac
1126 3680 1399 3745 salutem
1462 3680 1615 3744 huic
1676 3677 1816 3746 loco
1877 3678 2200 3766 Pluygers
2262 3681 2486 3746 attulit
2547 3684 2657 3766 qui
2717 3684 2965 3765 primus

578 3788 747 3855 vidit
792 3806 918 3873 quo
964 3806 1150 3852 sensu
1194 3790 1387 3849 verbi-e
1432 3785 1625 3849 tribue
1669 3790 1834 3851 esset
1881 3784 2344 3870 accipiendum.
2397 3787 2752 3873 Adscripsit
2791 3790 2963 3853 enim

578 3893 799 3961 Plauti
844 3892 1063 3959 locum
1109 3895 1177 3956 in
1224 3891 1433 3955 Milite
1485 3890 1760 3955 Glorioso
1811 3910 1905 3957 vs.
1961 3888 2168 3955 1019:

1786 3998 1922 4061 cedo
1968 4003 2024 4062 te
2069 3998 2215 4061 mihi
2259 4000 2421 4064 solae
2475 4001 2684 4064 solum.

848 4104 923 4171 B.
976 4103 1179 4169 brevia
1225 4125 1304 4166 an
1351 4102 1669 4187 lonqinquo
1715 4103 2017 4167 sermoni?
2099 4104 2180 4168 A.
2234 4107 2424 4169 tribus
2467 4106 2683 4169 verbis.

669 4212 887 4280 Cicero
949 4212 1198 4276 dixerat
1250 4211 1679 4274 accusatorem
1740 4209 1811 4272 in
1858 4207 2320 4275 Scamandrum
2361 4233 2560 4293 pauca
2605 4213 2965 4294 myliqenter

577 4320 811 4387 dixisse
882 4323 948 4385 et
1013 4318 1231 4384 omnia
1302 4316 1722 4380 accusationis
1788 4314 1919 4381 tela
1977 4318 2046 4381 in
2111 4316 2537 4403 Oppianicum
2600 4320 2960 4385 coniecisse.

576 4426 959 4515 Supervenit
1025 4420 1431 4513 magistellus
1484 4419 1593 4507 qui
1654 4420 1948 4487 credebat
2011 4428 2202 4487 verbis
2263 4424 2453 4487 tribus
2514 4427 2764 4511 proprie
2827 4444 2962 4491 esse
