3369 5142
609 294 740 362 434
1604 315 1989 367 ruscianum

608 487 891 559 πηλίνους
954 487 1315 568 ἀνδριάντας
1378 492 1569 565 novi,
1638 492 1742 556 sed
1809 490 2050 555 fiuntne
2111 493 2308 556 etiam
2355 510 2497 554 arae
2545 510 2620 555 ex
2667 488 2805 554 luto
2850 491 2982 556 sive

607 593 839 681 argilla
906 600 969 659 et
1030 595 1083 659 si
1144 592 1325 669 fient,
1377 617 1489 659 cur
1534 616 1750 661 mures
1797 618 1900 661 eas
1948 594 2292 661 adrodent‘?
2339 596 2554 661 Mures
2601 602 2816 660 autem
2863 620 2982 659 τοι·
3035 672 3046 686 .

604 700 876 779 χωρύχοι
950 708 1099 765 sunt
1167 707 1229 766 et
1300 702 1663 786 perfodiunt
1723 707 2011 788 parietes.
2078 704 2346 783 Τοίχους
2412 704 2734 782 διορύττειν
2800 722 2981 787 saepe

604 804 876 893 legitur,
924 808 1129 873 veluti
1178 808 1345 891 apud
1394 808 1591 871 Arist.
1642 808 1818 873 Plut.
1871 808 2036 873 565:

696 914 857 977 πάνυ
905 915 1027 991 γὰρ
1075 914 1363 978 κλέπτειν
1411 914 1655 991 κόσμιόν
1704 917 1826 983 ἐςιν
1873 916 1978 980 καὶ
2027 916 2164 987 τοὺς
2214 916 2460 996 τοίχους
2509 914 2850 994 διορύττειν.

604 1019 832 1085 Suidas
903 1024 1050 1105 qui,
1115 1020 1276 1105 quod
1338 1041 1477 1085 raro
1540 1020 1644 1097 fit,
1711 1042 1876 1085 nunc
1942 1022 2200 1107 quidem
2266 1022 2590 1087 meliorem
2641 1021 2979 1085 lectionem

604 1128 859 1192 exhibet
932 1148 1119 1212 quam
1196 1127 1466 1191 Photius
1538 1148 1726 1211 quem
1799 1129 2132 1205 describit,
2209 1128 2420 1208 τοίχου
2493 1129 2642 1202 ὀπὴν
2705 1124 2980 1211 appellat

603 1234 1053 1313 τοιχωρύχημα
1100 1242 1333 1311 γαλῆς.
1430 1232 1552 1297 Sed
1599 1234 1752 1317 quid
1800 1232 2025 1320 plura?

1054 1338 1129 1401 ἂν
1174 1343 1295 1415 μῦς
1345 1336 1576 1419 διορύὲῃ
1624 1347 1912 1420 τοῖχον
1961 1340 2106 1404 ὄντα
2156 1345 2438 1413 πήλινον·

603 1448 723 1513 hoc
782 1446 1114 1534 intelligo:
1166 1445 1391 1511 deinde
1436 1446 1752 1529 perforato
1803 1450 2042 1530 pariete
2090 1451 2266 1512 venit
2309 1470 2458 1512 mus
2501 1450 2570 1511 in
2615 1446 2982 1533 granarium

601 1556 816 1640 ibique
877 1556 1123 1619 invenit
1184 1572 1309 1617 non
1379 1549 1657 1615 θύλακον
1721 1554 2006 1633 ἀλφίτων
2057 1555 2332 1639 (μεςόν),
2384 1554 2493 1619 sed
2541 1544 2820 1617 θύλακον
2864 1554 2980 1615 ἆλ-

601 1661 888 1741 φιτηρύν·
959 1662 1128 1725 hunc
1199 1659 1437 1724 arrodit
1506 1666 1571 1723 et
1640 1664 2063 1745 superstitiosi
2136 1663 2424 1727 homines
2485 1666 2850 1745 portentum
2911 1646 2976 1723 id

604 1788 735 1832 esse
796 1770 1181 1833 existimant.
1281 1766 1447 1846 Quid
1512 1772 1726 1831 autem
1790 1768 2069 1852 proderit
2124 1768 2337 1845 βωμὸν
2384 1764 2750 1847 διορύττεινῗ
2797 1766 2976 1832 Nihil

603 1874 929 1939 conditum
975 1880 1220 1958 servat,
1271 1893 1394 1958 quo
1440 1893 1587 1937 mus
1635 1879 1946 1939 vescatur.
1994 1874 2264 1940 Babrius
2311 1878 2594 1960 scripsit:
2789 1863 2794 1877 ’

1053 1984 1269 2058 ἀνι-ἥγε
1317 1978 1418 2042 τὸν
1463 1984 1586 2055 μῦν
1632 1980 1736 2044 τὸν
1785 1978 2082 2057 γεηπόνον
2130 1982 2354 2052 πείσας

1046 2090 1126 2159 εἷς
1180 2083 1333 2151 οἷκον
1380 2082 1588 2148 ἐλθεῖν
1649 2086 1766 2148 ὑπό
1813 2111 1882 2150 τε
1931 2096 2140 2166 τοῖχον
2187 2084 2528 2167 ἀνθρώπου.

600 2196 673 2263 Id
718 2200 1006 2282 superest
1052 2194 1300 2277 videre,
1353 2191 1669 2278 quomodo
1717 2200 1924 2272 τοῖχον
1971 2196 2036 2257 in
2085 2194 2298 2271 βωμὸν
2345 2194 2518 2259 abire
2562 2197 2861 2277 potuerit.

686 2406 761 2467 P.
828 2402 957 2468 618
1020 2403 1386 2469 Meinekius
1444 2405 1668 2467 incerti
1715 2408 1936 2487 poetae
1983 2406 2422 2468 testimonium
2473 2424 2506 2467 e
2553 2400 2831 2467 Diodoro
2878 2399 2974 2465 Si·

599 2511 741 2577 culo
810 2510 989 2576 affert
1048 2510 1125 2575 de
1188 2505 1555 2574 Charondae
1618 2508 1764 2596 lege
1785 2557 1800 2587 ‚
1861 2530 1940 2574 ne
2005 2512 2146 2594 quis
2191 2510 2410 2576 liberis
2459 2511 2592 2574 suis
2639 2528 2972 2574 novercam

598 2620 809 2684 daret:
857 2626 981 2683 tres
1025 2619 1333 2702 postremi
1379 2636 1597 2682 versus
1638 2619 1734 2680 ita
1781 2616 2079 2682 audiunt:

958 2723 1069 2790 εἴτ’
1119 2723 1422 2802 ἐπέτυχες
1471 2723 1631 2808 γάρ,
1678 2731 1869 2804 φησι,
1915 2726 2134 2801 γήμας
2183 2724 2256 2788 τὸ
2299 2722 2575 2804 πρότερον

956 2833 1259 2908 εὐημερῶν
1306 2828 1878 2894 κατάπαυσον·
1931 2830 2041 2894 εἴτ’
2085 2833 2188 2896 οὐκ
2227 2831 2556 2911 ἐπέτυχες,

956 2937 1210 3013 μανικὸν
1258 2937 1327 3000 τὸ
1376 2944 1590 3015 πεῖραν
1640 2935 1922 3015 δευτέρας
1973 2937 2199 3014 λαβεῖν
2249 2937 2461 3001 πάλιν.

594 3046 953 3112 Meinekius
999 3065 1111 3128 pro
1159 3043 1565 3108 καταπαυσον
1612 3045 1971 3125 suspicatur
2015 3042 2354 3130 legendum
2409 3065 2543 3107 esse
2589 3043 2969 3107 καταλυσον·

596 3155 883 3240 equidem
943 3152 1291 3216 incideram
1346 3151 1408 3214 in
1480 3147 1710 3225 ὥγοὶπ
1732 3173 1912 3222 nei-ov
1935 3200 1951 3232 ,
2015 3151 2182 3234 quod
2241 3152 2388 3215 vide
2434 3172 2514 3215 an
2557 3155 2852 3235 praestet.
2899 3151 2973 3215 P.

598 3263 727 3327 642
798 3283 875 3326 ex
937 3259 1265 3346 Hesychio
1328 3257 1612 3322 affertur:
1680 3257 2168 3336 κυνόφαλοι·
2217 3255 2508 3336 Κορίνθιοι
2557 3258 2790 3334 φυλή.
2840 3257 2978 3321 Pri-

594 3393 779 3436 mum
842 3389 988 3432 cum
1047 3365 1373 3429 Meinekio
1434 3366 1944 3442 κυνόφαλλοι
2009 3367 2309 3440 restituO,
2361 3363 2586 3428 deinde
2633 3365 2750 3428 sub
2797 3367 2967 3444 φυλή

593 3478 789 3542 latere
837 3475 1137 3540 dixerim:
1190 3471 1673 3552 ἰθύφαλλοι.
1729 3468 1803 3534 P.
1854 3469 1985 3534 652
2033 3474 2349 3535 senarium
2397 3473 2491 3534 ita
2537 3469 2830 3554 suppleo:

954 3581 1087 3657 βαὺ
1134 3578 1267 3656 βαὺ
1316 3577 1694 3666 (βαΰζων)
1749 3577 1852 3642 καὶ
1906 3579 2075 3650 κυνὸς
2125 3577 2327 3656 φωνὴν
2375 3577 2510 3646 ἱείς.

593 3693 667 3757 Ρ.
722 3687 853 3753 654
901 3687 1155 3752 affertur
1202 3684 1583 3750 versiculus:

964 3793 1168 3870 ἤμην
1218 3793 1357 3856 ποτ’
1408 3793 1617 3869 ἥμην
1662 3799 1780 3856 τῶν
1826 3789 2220 3872 σφριγῶντων
2269 3791 2328 3853 ἐν
2375 3792 2600 3868 λόγοις.

593 3906 969 3978 Favorinus,
1034 3903 1141 3964 cui
1190 3899 1404 3964 locum
1454 3899 1757 3964 debemus
1776 3947 1790 3975 ,
1843 3896 2062 3962 attulit
2108 3903 2361 3984 propter
2407 3921 2549 3964 eam
2597 3901 2800 3985 ipsam
2850 3901 2972 3964 for-

595 4033 773 4078 mam
822 4009 1015 4086 ἤμην,
1065 4006 1207 4084 sed,
1258 4009 1310 4072 si
1356 4009 1511 4070 satis
1559 4008 1858 4088 antiquus
1904 4025 2122 4070 versus
2171 4011 2293 4084 est,
2333 4007 2540 4073 malo:
2588 4005 2736 4083 ἦμε
2758 4032 2787 4070 ν
2833 4011 2969 4072 ποτ’

596 4112 632 4192 ἦ
648 4143 823 4194 μεν,
873 4123 948 4179 ut
993 4117 1061 4179 in
1108 4112 1559 4197 Spartanorum
1610 4109 1959 4188 cantilena,
2010 4111 2418 4178 Proverbium
2469 4136 2526 4199 p.
2583 4113 2741 4178 650:

1048 4219 1201 4300 πεζῇ
1249 4217 1605 4298 βαδίζω,
1654 4226 1770 4280 νεῖν
1819 4219 1942 4296 γὰρ
1994 4220 2098 4282 οὐκ
2148 4219 2502 4304 ἐπίςα,υ.αι.,

593 4333 697 4400 vel
757 4352 915 4418 puer
960 4329 1234 4415 corrigat
1256 4377 1269 4400 ,
1322 4346 1470 4391 nam
1518 4324 1741 4405 βάδιζε
1790 4329 2134 4411 requiritur
2197 4334 2270 4392 ut
2317 4328 2482 4412 apud
2531 4327 2687 4393 alios
2731 4327 2972 4417 legitur

594 4437 747 4526 πεζῇ
807 4437 1086 4518 πορεύου,
1152 4455 1272 4500 11011
1334 4436 1683 4514 πορεύομαι.
1744 4433 1885 4497 Non
1956 4438 2206 4518 scripsit
2250 4433 2653 4521 Phrynichus
2701 4456 2799 4521 ap.
2847 4437 2966 4504 Bk.
