3369 5142
536 313 671 390 224
1621 333 1845 392 mosao

532 515 710 583 Num
763 517 903 604 quis
952 513 1203 581 adulter
1246 513 1465 579 haberi
1514 514 1733 597 debet,
1782 515 1836 578 si
1887 513 2030 597 quis
2082 512 2483 578 meretricem
2531 513 2736 588 amet,
2763 525 2922 595 quae

532 625 585 690 si
666 624 763 689 dis
836 621 1047 708 placet
1065 671 1082 706 ‚
1152 625 1352 706 nupta
1413 619 1749 704 aliquando
1810 615 1976 684 fuit?
2035 617 2319 684 Fatuum
2381 624 2477 686 est
2533 619 2922 706 interrogare

535 750 693 796 num
760 731 933 815 quis,
996 729 1107 813 qui
1173 747 1314 792 cum
1385 745 1511 791 non
1568 730 1768 811 nupta
1815 724 2054 790 femina
2102 724 2630 790 consuetudinem
2678 723 2918 790 habeat

530 833 782 903 adulter
826 834 929 899 sit.

628 939 735 1006 53.
810 938 1032 1019 „Vidit
1084 940 1222 1022 hoc„
1265 937 1540 1004 Balbus:
1606 937 1877 1004 celatam
1943 957 2077 1003 esse
2135 935 2428 1004 Clodiam
2477 935 2678 1015 dixit,
2729 939 2919 1021 atque

531 1051 625 1114 ita
684 1043 977 1115 Caelium
1028 1045 1109 1112 ad
1153 1044 1336 1111 illam
1384 1045 1674 1111 attulisse
1693 1093 1712 1123 ,
1767 1065 1833 1109 se
1881 1043 1961 1110 ad
2005 1049 2298 1109 ornatum
2343 1040 2643 1107 ludorum
2691 1060 2921 1107 aurum

534 1149 897 1240 quaerere.”
2423 1153 2428 1157 ’

630 1257 802 1323 Ludi
866 1253 1069 1324 Caelii
1124 1258 1326 1342 ipsius
1372 1277 1507 1322 esse
1552 1276 1678 1323 non
1722 1259 2066 1342 potuerunt
2082 1303 2099 1334 ‚
2147 1256 2204 1320 is
2251 1253 2422 1319 enim
2471 1271 2632 1318 anno
2683 1249 2769 1320 5¹7
2815 1270 2915 1317 ae·

541 1363 691 1430 dilis
736 1385 861 1430 non
908 1369 1080 1443 erat,
1123 1384 1239 1428 nec
1286 1346 1617 1448 Calpurnii
1662 1361 1951 1446 Bestiae,
2000 1361 2102 1427 cui
2148 1356 2405 1428 Caelius
2447 1357 2744 1425 studebat
2783 1356 2918 1446 (11.

538 1469 673 1555 26),
744 1471 803 1534 is
873 1471 1045 1534 enim
1109 1469 1236 1535 fuit
1296 1467 1521 1534 aedilis
1581 1468 1869 1553 plebeius
1929 1487 2090 1533 anno
2149 1464 2302 1543 696,
2367 1463 2454 1530 58
2517 1469 2664 1531 ante
2723 1486 2914 1550 quam

533 1575 662 1643 Dio
720 1573 996 1642 Romam
1058 1576 1235 1642 venit
1282 1573 1449 1661 (5¹7),
1496 1573 1576 1641 cf.
1625 1572 1835 1639 Strab.
1883 1573 2086 1640 XVII
2130 1593 2192 1659 p.
2243 1569 2398 1640 ¹796.
2489 1570 2612 1637 Sed
2655 1572 2918 1637 maioris

537 1684 850 1747 momenti
895 1686 992 1747 est
1037 1681 1368 1748 observare
1408 1685 1656 1766 partem
1697 1679 2144 1766 disput-ationis·
2163 1730 2178 1756 ,
2219 1677 2667 1744 refutationem
2691 1698 2918 1763 nempe

536 1786 762 1870 Balbi,
813 1807 946 1852 esse
992 1789 1318 1852 omissam.
1366 1785 1439 1852 Si
1484 1807 1710 1853 verum
1759 1789 1894 1852 erat
1939 1783 2232 1853 Clodiam
2275 1789 2532 1870 putasse
2577 1788 2918 1871 argentum

529 1913 597 1957 se
672 1891 1078 1958 commodare
1152 1891 1448 1958 ludorum
1522 1912 1746 1970 causa,
1822 1891 2150 1958 corruebat
2233 1891 2440 1956 omnis
2519 1890 2920 1957 ratiocinatio

527 1997 723 2063 haec:
776 1995 1001 2063 Clodia
1051 2003 1185 2064 erat
1232 1997 1569 2064 familiaris
1616 1995 1858 2074 Caelii,
1905 1997 2140 2063 sciebat
2187 1998 2391 2085 igitur
2435 1994 2589 2082 quid
2633 1994 2745 2061 ille
2783 2017 2920 2062 mo·

526 2101 791 2190 liretur3
869 2108 1085 2169 tamen
1154 2105 1491 2190 pecuniam
1561 2105 1621 2169 ei
1694 2102 1904 2182 dedit;
1983 2122 2134 2192 ergo
2204 2101 2452 2168 conscia
2518 2101 2646 2167 fuit
2711 2100 2918 2169 caedis

536 2206 785 2274 Dionis.
836 2207 905 2274 Si
954 2215 1161 2297 essent
1208 2229 1367 2295 quae
1416 2208 1491 2275 de
1537 2208 1710 2274 ludis
1760 2206 2060 2274 dicuntur
2105 2208 2376 2275 absurda
2417 2227 2530 2294 per
2565 2227 2664 2287 se,
2703 2214 2914 2294 posset

536 2319 746 2379 orator
806 2314 1256 2381 refutationem
1305 2317 1638 2394 omittere3
1689 2319 1756 2380 at
1802 2335 1982 2382 secus
2027 2337 2126 2380 res
2173 2335 2241 2380 se
2283 2313 2495 2380 habet.
2583 2313 2915 2381 Praeterea

525 2417 646 2484 hoc
706 2425 922 2485 nostro
986 2419 1124 2487 loce
1184 2419 1299 2486 illa
1342 2421 1709 2506 impediunt
1755 2441 2011 2487 cursum
2061 2419 2378 2487 orationis.
2427 2415 2797 2486 Ciceronem
2845 2421 2910 2484 in

530 2524 777 2614 agendo
825 2526 979 2593 haec
1024 2525 1377 2612 explevisse
1424 2528 1607 2594 credo
1631 2580 1645 2603 ,
1692 2547 1808 2594 nec
1853 2526 2127 2593 edidisse
2174 2526 2409 2593 omnia.

620 2630 727 2699 54.
794 2631 1004 2699 Locus
1065 2633 1311 2699 duobus
1370 2634 1778 2722 glossematis
1837 2638 2204 2719 corruptus:
2279 2632 2518 2717 „habeo
2565 2632 2763 2709 enim,
2811 2632 2909 2697 iu-

527 2739 698 2805 dices
713 2782 731 2818 ,
796 2759 983 2823 quem
1048 2759 1162 2805 vos
1226 2743 1468 2806 socium
1529 2744 1775 2807 vestrae
1819 2738 2148 2827 religionis
2194 2740 2478 2822 iurisque
2521 2737 2776 2804 iurandi
2817 2738 2909 2805 fa-

527 2846 651 2912 cile
713 2866 847 2911 esse
902 2848 1278 2931 patiamini,
1341 2843 1411 2909 L.
1480 2844 1828 2911 Lucceium
1851 2896 1867 2922 ,
1931 2846 2410 2911 sanctissimum
2471 2842 2800 2910 hominem
2847 2849 2909 2909 et

528 2952 984 3039 gravissimum
1005 2998 1023 3029 ‚
1097 2952 1208 3037 qui
1278 2954 1527 3019 tantum
1601 2949 1849 3016 facinus
1923 2953 1990 3015 in
2057 2951 2300 3016 famam
2370 2952 2560 3034 atque
2625 2948 2909 3016 fortunas

528 3076 675 3123 suas
725 3076 929 3143 neque
974 3076 1097 3122 non
1144 3055 1423 3123 audisset
1469 3055 1726 3121 illatum
1779 3076 1814 3123 a
1859 3054 2075 3121 Caelio
2120 3075 2322 3141 neque
2367 3051 2818 3140 neglexisset?

618 3161 774 3228 Post
836 3164 1277 3249 qravicsimum
1344 3160 1545 3251 vulgo
1616 3161 1872 3227 additur
1931 3172 2142 3228 testem
2158 3211 2177 3247 ,
2241 3159 2409 3246 quod
2472 3160 2910 3247 explicationis

526 3288 715 3335 causa
778 3267 1067 3334 additum
1132 3288 1669 3355 supervacaneum
1719 3274 1816 3334 est
1834 3318 1850 3346 ,
1895 3270 2031 3334 imo
2077 3287 2478 3353 perversum,
2525 3266 2907 3336 vocabulum

526 3376 698 3439 enim
768 3372 935 3439 illud
1002 3374 1429 3459 praedicative
1501 3376 1729 3460 apponi
1793 3394 1918 3440 non
1980 3375 2194 3460 potuit
2251 3380 2398 3459 post
2459 3374 2909 3441 sanctissimum

529 3478 871 3557 hominm5
920 3483 1087 3546 certe
1132 3491 1193 3545 et
1236 3480 1398 3546 foret
1445 3480 1895 3546 omittendum.
1993 3478 2150 3545 Post
2194 3500 2438 3567 „neque
2475 3474 2902 3567 neglexisset”

526 3586 813 3670 sequitur
872 3582 941 3649 in
984 3583 1170 3650 libris
1214 3608 1404 3673 neque
1451 3586 1706 3652 tulisset.
1756 3584 1825 3649 Id
1876 3584 2139 3651 fortasse
2184 3584 2265 3652 ad
2311 3583 2605 3652 lacunam
2655 3582 2910 3670 explen-

526 3688 671 3754 dam
741 3692 1178 3778 excogitatum
1243 3698 1371 3764 θεῖς
1422 3692 1771 3777 requiritur
1820 3692 1995 3755 enim
2040 3689 2170 3757 fere
2215 3692 2522 3757 auditum.
2615 3689 2743 3773 Qui
2789 3708 2907 3753 non

522 3793 781 3881 neqleyit
824 3794 1070 3861 facinus
1114 3798 1181 3861 in
1230 3817 1296 3862 se
1346 3799 1756 3863 commissum
1784 3844 1800 3873 ‚
1850 3816 1922 3861 eo
1971 3797 2109 3882 ipso
2155 3815 2279 3862 non
2313 3797 2473 3884 fert.
2519 3794 2723 3862 Paulo
2769 3796 2912 3882 post

522 3899 738 3967 simile
794 3900 1306 3967 additamentum
1371 3908 1467 3967 est
1530 3905 1599 3968 in
1665 3900 2068 3968 Taurinensi:
2134 3901 2241 3987 „id
2289 3922 2324 3969 a
2370 3906 2503 3969 suis
2547 3904 2734 3970 servis
2781 3906 2910 3967 ten-

522 4011 735 4071 tatum
801 4006 997 4091 [esse]
1064 4006 1506 4096 neglegeret.”
1567 4006 1827 4094 Reliqui
1893 4009 2139 4075 codices
2185 4012 2375 4075 servia
2418 4010 2724 4075 omittunt
2767 4026 2910 4093 pro-

522 4110 825 4178 bantibus
866 4111 1199 4201 Madvigio
1240 4119 1303 4177 et
1340 4112 1631 4201 Kaysero
1669 4112 1787 4182 1.1.
1828 4136 1894 4200 p.
1939 4113 2089 4181 422.
2139 4114 2234 4181 De
2272 4136 2394 4182 em
2431 4134 2622 4200 supra
2642 4114 2909 4180 dictum.

618 4216 724 4282 55.
777 4222 896 4297 „ut
940 4238 1041 4283 res
1089 4221 1362 4284 minime
1410 4219 1762 4287 dubitanda
1807 4222 1873 4287 in
1907 4222 2308 4287 contentione
2343 4225 2650 4306 ponatur,
2687 4226 2910 4287 utrum

522 4326 895 4403 temeraria,
978 4344 1209 4410 procax
1230 4369 1248 4404 ‚
1320 4324 1485 4392 irata
1552 4325 1788 4391 mulier
1856 4324 2110 4393 finxisse
2178 4329 2447 4407 crimen,
2517 4346 2598 4393 an
2659 4328 2910 4414 gravis,

524 4429 773 4514 sapiens
816 4429 1306 4518 moderatusque
1344 4433 1449 4499 vir
1484 4431 1782 4520 religiose
1819 4430 2258 4500 testimonium
2301 4434 2536 4501 dixisse
2561 4428 2913 4499 videatur?
