3369 5142
1386 371 1815 426 mmmm.
2662 359 2788 428 181

401 550 694 634 pontum.
784 546 1290 636 Intelligendum
1348 549 1554 636 igitur
1614 570 1692 615 ex
1749 548 1867 614 hao
1914 549 2464 636 interpretatione:
2515 551 2618 615 καὶ
2667 551 2788 624 τὰς

401 655 515 731 μὲν
561 655 622 718 ἐν
686 653 939 736 ’Λβύδῳ
988 656 1321 721 ἑκκαίδεκα
1366 660 1515 726 ναῦς
1562 653 1777 720 ἔλαθον
1829 655 1943 743 (18
1990 677 2180 722 naves
2229 658 2782 745 Atheniensium),

402 761 624 841 καίπερ
696 759 1119 840 προειρημένης
1190 762 1455 834 ταύταις
1526 767 1818 844 φυλακῆς
1893 762 2006 826 ὑπὸ
2063 767 2170 827 τοῦ
2228 765 2439 844 φιλίου
2496 765 2779 830 ἐπίπλου.

400 865 618 932 Aliam
684 869 863 934 viam
932 873 1254 955 ingressus
1324 865 1579 933 Classen
1645 871 1727 948 τῷ
1791 869 1980 948 Φιλίῳ
2050 869 2292 948 ἐπίπλῳ
2354 869 2664 957 intelligit
2710 871 2786 936 de

402 969 752 1058 Thrasylo,
795 975 905 1058 qui
953 993 1151 1059 quum
1198 973 1571 1039 Mindarum
1622 974 1853 1038 Mileto
1899 973 2162 1040 solvisse
2206 974 2564 1039 rescivisset
2609 975 2788 1040 ἔπλει

401 1076 506 1141 καὶ
554 1076 741 1149 αὐτὸς
795 1117 878 1126 -
928 1076 1323 1156 ἐπειγόμενος
1371 1081 1461 1156 μὴ
1508 1080 1723 1160 φθάσῃ
1769 1079 1828 1149 ἐς
1877 1081 1980 1144 τὸν
2030 1079 2485 1153 Ἑλλήσποντον
2525 1081 2785 1147 ἐσπλεύ-

403 1204 550 1259 σας,
590 1184 958 1250 sed'tamen
996 1206 1195 1270 quum
1238 1184 1602 1250 Mindarum
1647 1183 1812 1270 apud
1842 1182 2074 1250 Chium
2105 1187 2546 1251 subsessurum
2575 1192 2790 1254 existi-

402 1295 674 1366 masset,
737 1289 883 1354 aliis
938 1291 1125 1356 rebus
1175 1291 1442 1356 detineri
1490 1311 1555 1355 se
1604 1310 1825 1374 passus
1873 1289 2150 1355 Mindari
2196 1289 2458 1356 classem
2510 1300 2790 1377 praeter-

402 1395 814 1480 navigantem
872 1415 997 1461 non
1053 1397 1515 1464 observaverat.
1608 1397 1808 1461 Putat
1863 1397 2069 1483 igitur
2132 1394 2391 1462 Classen
2455 1398 2534 1463 18
2597 1420 2789 1466 naves

400 1496 822 1568 Athenienses
876 1507 1061 1568 antea
1106 1504 1363 1569 nuntios
1410 1503 1660 1568 misisse
1709 1502 1787 1566 ad
1835 1500 2222 1588 Thrasylum
2242 1551 2260 1586 ,
2308 1507 2383 1566 nt
2400 1548 2417 1579 ,
2466 1506 2521 1569 si
2571 1525 2791 1591 appro-

398 1607 743 1694 pinquante
812 1607 1010 1675 classe
1078 1609 1299 1675 hostili
1364 1609 1587 1675 relicta
1647 1612 1919 1674 statione
1979 1631 2057 1674 ex
2120 1608 2532 1695 Hellesponto
2593 1611 2790 1678 disee·

400 1718 547 1784 dere
607 1720 984 1804 cogerentur
1043 1715 1417 1803 diligenter,
1481 1716 1649 1800 ipsas
1696 1715 2056 1782 observaret
2101 1716 2179 1780 ad
2224 1715 2540 1781 auxilium
2589 1718 2790 1783 feren·

400 1823 558 1889 dum
628 1827 906 1908 paratus.
1004 1820 1179 1903 Quae
1249 1823 1461 1906 opinio
1531 1842 1647 1887 nec
1717 1843 1830 1906 per
1898 1843 1965 1887 se
2024 1821 2217 1887 habet
2277 1842 2402 1906 quo
2463 1844 2612 1909 prae
2673 1823 2790 1890 illa

401 1929 885 1997 commendetur
928 1949 1043 1994 nec
1092 1929 1351 1994 omnino
1396 1949 1547 1994 vera
1598 1949 1734 1994 esse
1778 1933 1986 2015 potest
2033 1931 2160 1994 nisi
2206 1931 2414 1996 verbis
2460 1933 2550 1995 sic
2587 1934 2789 1995 trans-

400 2037 652 2122 positis:
725 2034 1086 2113 βουλόμενοι
1162 2034 1502 2099 ἐκπλεῦσαι
1577 2035 1638 2106 ἐς
1711 2035 1819 2108 την
1887 2035 2297 2116 εὐρυχωρίαν,
2363 2035 2785 2117 προειρημένης

401 2147 694 2224 φυλακῆς
756 2142 839 2222 τῷ
906 2141 1099 2222 φιλίῳ
1164 2139 1440 2222 ἐπίπλῳ,
1490 2135 1649 2212 ὅπως
1701 2142 1902 2205 αὐτῶν
1944 2142 2185 2214 ἀνακῶς
2229 2141 2496 2220 ἕξουσιν,
2540 2143 2646 2206 ἐὰν
2693 2144 2788 2206 ὲκ-

400 2247 672 2314 πλέωσι·
734 2247 841 2314 καὶ
904 2248 1021 2321 τὰς
1085 2247 1201 2327 μὲν
1256 2247 1317 2312 ἐν
1378 2244 1629 2328 Ἀβύδῳ
1693 2245 2023 2312 ἑκκαίδεκα
2073 2253 2219 2320 ναῦς
2269 2247 2513 2326 ἔλαθον,
2562 2247 2681 2319 ’τὰς
2729 2247 2792 2312 δὲ

398 2353 571 2433 μετὰ
648 2356 759 2417 τοῦ
827 2351 1139 2432 Μινδάρου
1190 2390 1273 2402 -
1323 2354 1389 2418 οὗ
1457 2351 1755 2435 φθάνουσι
1823 2356 2028 2420 πᾶσαι
2099 2354 2228 2419 xri.
2324 2353 2507 2435 Quod
2575 2360 2793 2419 tamen

398 2460 603 2527 facere
646 2458 851 2538 nefas,
904 2461 1057 2545 quia
1100 2457 1493 2525 scholiastae
1528 2458 1867 2546 explicatio
1903 2481 2108 2546 neque
2147 2460 2419 2526 absurda
2456 2465 2553 2526 est
2589 2480 2792 2546 neque

399 2563 631 2635 Graeci
690 2567 998 2632 sermonis
1045 2564 1303 2653 legibus
1349 2568 1684 2633 contraria.
1777 2566 2069 2653 Denique
2112 2588 2238 2633 non
2282 2566 2601 2633 inutiliter
2646 2584 2791 2632 con-

399 2673 561 2739 feres
604 2672 820 2739 locum
867 2671 988 2738 Vll
1036 2671 1075 2735 6
1122 2676 1187 2738 et
1227 2671 1289 2757 7,
1327 2672 1443 2738 ubi
1482 2672 1785 2739 similiter
1822 2674 2082 2754 φυλακή
2125 2674 2371 2739 dictum
2413 2674 2490 2739 de
2518 2674 2788 2739 navibus

398 2798 593 2845 naves
636 2760 900 2843 Hostiles
943 2778 1443 2843 observantibus.
1496 2775 1666 2843 Add.
1717 2779 1806 2844 ib.
1861 2800 1994 2864 cap.
2047 2778 2155 2843 25.

492 2881 651 2949 VIII
710 2881 839 2947 106
906 2886 1066 2948 extr.
1130 2884 1179 2948 οί
1242 2882 1295 2947 δ’
1356 2884 1740 2966 ἀφικομένης
1798 2892 1909 2960 τῆς
1959 2887 2096 2958 νεὼς
2145 2885 2250 2950 καὶ
2301 2884 2628 2952 οὲνέλπιςον
2673 2886 2782 2959 τὴν

398 2990 705 3073 εὐτυχίαν
752 2987 1130 3060 ὥκούσαντες
1183 2988 1213 3052 ἑ
1229 2988 1317 3053 πί
1361 3014 1445 3054 τε
1496 2997 1683 3062 ταῖς
1733 2990 1913 3071 περὶ
1962 2994 2072 3065 τὴν
2118 2990 2394 3068 Εὔβοιαν
2443 2984 2600 3070 ἄρτί
2630 2989 2786 3068 ξυμ-

399 3103 622 3181 φοραῖς
705 3094 810 3162 καὶ
882 3095 1050 3159 κατὰ
1124 3095 1232 3169 την
1311 3092 1492 3163 ςάσιν
1558 3094 2009 3174 γεγενημέναις
2081 3096 2241 3162 πολὺ
2311 3096 2786 3177 ἐπερρώσθησαν.

397 3202 541 3271 Non
590 3209 686 3269 est
728 3202 883 3267 haec
920 3199 1165 3267 Graeca
1202 3202 1426 3268 oratio.
1476 3202 1888 3289 Thucydides
1950 3205 2219 3288 repetito
2243 3202 2511 3268 articulo
2534 3205 2786 3288 scripsit

398 3310 501 3375 καὶ
544 3312 741 3395 (ταῖς)
786 3306 955 3373 κατὰ
1005 3308 1115 3383 τὴν
1161 3306 1341 3375 edo-ev
1388 3306 1875 3392 γεγενημέναις,
1924 3313 2037 3375 aut
2081 3314 2248 3374 certe
2285 3309 2404 3375 hoc
2440 3308 2784 3376 verborum

398 3416 649 3482 ordine:
692 3414 825 3479 ἐπὶ
874 3422 1062 3487 ταῖς
1110 3414 1292 3495 περί
1337 3438 1408 3479 τε
1448 3416 1560 3490 τὴν
1600 3414 1878 3491 Εὔβοιαν
1923 3412 2062 3496 ἄρτι
2102 3412 2452 3497 ξυμφοραῖς
2478 3412 2784 3480 καὶκατὰ

399 3523 512 3597 τὴν
555 3520 736 3589 ςοὶσιν
782 3520 1259 3600 γεγενημέναις.
1308 3519 1481 3587 Illud
1527 3523 1764 3588 verius.

1474 3814 1709 3864 Puro·

486 3917 560 3987 In
614 3918 841 3986 stmaeo
884 3940 1031 4008 pag.
1083 3916 1187 3986 70.
1238 3917 1321 3984 D.
1388 3918 1521 3998 περὶ
1571 3920 1686 3993 τὴν
1732 3918 1985 3997 καρδίαν
2023 3920 2210 3986 αὐτὸν
2255 3918 2385 4005 (τὸν
2433 3918 2784 3997 πλεύμονα)

396 4027 767 4110 περιέςησαν
823 4020 941 4092 οἷον
1003 4022 1199 4103 ἅμμα
1261 4024 1551 4103 μαλακόν
1570 4072 1587 4102 ,
1648 4031 1858 4111 spreta
1919 4031 2015 4091 est
2075 4046 2114 4091 a
2158 4024 2587 4092 Stallbaumio
2631 4044 2782 4091 vera

395 4134 587 4201 lectio
634 4128 749 4201 οἷον
794 4158 845 4211 μ
864 4131 961 4199 ἄλ
980 4156 1021 4197 α
1040 4156 1153 4209 γμ.
1175 4156 1216 4197 α
1263 4136 1516 4198 servata
1561 4151 1599 4196 a
1644 4130 1934 4218 Longino
1981 4138 2047 4196 et
2091 4130 2236 4197 aliis
2282 4132 2410 4198 vid.
2453 4131 2654 4215 Toup.
2699 4130 2780 4196 ad

398 4239 599 4327 Long.
648 4260 795 4328 pag.
849 4237 1001 4304 392.
1050 4236 1295 4304 Weisk.
1346 4232 1491 4303 Οίον
1536 4238 1709 4302 enim
1756 4238 2180 4320 comparationi
2223 4240 2631 4322 praeponitur
2650 4284 2668 4319 ,
2717 4242 2781 4301 et

399 4348 752 4412 rectissime
808 4344 1033 4431 pulmo
1088 4363 1227 4409 esse
1286 4344 1524 4409 dicitur
1580 4343 1768 4407 veluti
1829 4341 2161 4422 μάλαγμα
2182 4390 2198 4420 ,
2266 4343 2332 4408 id
2372 4348 2468 4408 est
2511 4346 2784 4407 maceries

404 4451 600 4517 mollis
642 4474 713 4518 ac
754 4452 963 4516 cedens
980 4500 995 4525 ,
1044 4452 1228 4515 cuius
1274 4449 1566 4536 oppositu
1610 4450 1858 4513 ictuum
1901 4452 1964 4513 et
2001 4448 2400 4515 collisionum
2445 4448 2783 4513 vehemen-

405 4560 500 4625 tia
544 4558 883 4648 frangitur.
2292 4552 2364 4621 Ο.
2414 4552 2495 4621 G.
2543 4552 2617 4623 G.
