3369 5142
1418 332 1758 385 mmmm
2640 318 2774 387 27¹7

404 506 609 586 ράςιόν
667 530 727 570 τι
792 508 1129 580 πεποιηκώς
1150 556 1166 585 ,
1235 508 1343 573 sed
1400 507 1645 583 dixerat
1690 508 2210 596 philosophorum
2257 506 2769 597 elegantissimus

402 611 608 693 ὥσΠερ
656 613 887 681 ἀςεῒό
902 640 931 678 ν
978 638 1039 679 τι
1084 616 1447 688 πεποιηκώς.

495 856 652 942 Peg.
724 852 868 920 113.
920 854 1041 922 32:
1106 857 1232 921 ἀνθ’
1283 852 1356 921 ὦν
1406 861 1439 933 ή
1489 858 1602 933 μὲν
1651 858 2069 931 διακονήσασα
2118 856 2222 923 καὶ
2270 859 2770 938 χειρουργήσασα

405 962 537 1043 ἔχει
598 962 679 1025 *rsa
745 961 1033 1042 ἐπίχειρα
1093 958 1167 1026 ὦν
1229 960 1381 1037 ἀξία
1431 960 1531 1039 ἦν,
1585 964 1783 1049 [οὐδὲν
1830 966 2006 1028 αἰτία
2056 960 2236 1047 οὖσα]
2279 967 2361 1044 τῷ
2411 964 2536 1042 γὰρ
2585 966 2772 1039 δημο-

404 1072 569 1150 κοίνῳ
631 1070 1024 1149 τροχισθεῑσα
1085 1070 1423 1153 παρεδόθη,
1474 1073 1506 1144 ή
1557 1072 1617 1135 δὲ
1665 1071 1842 1135 αι’τία
1889 1095 1961 1134 τε
2010 1070 2169 1157 [ἤδη]
2221 1072 2322 1133 καὶ
2375 1072 2770 1148 ένθυμηθεῖσα

404 1172 561 1259 ἕξει,
607 1176 712 1239 ἐὰν
762 1176 936 1249 ὑμεῖς
983 1198 1053 1239 τε
1102 1176 1205 1238 καὶ
1256 1176 1303 1239 οἱ
1354 1178 1466 1239 θεοὶ
1518 1178 1781 1239 θέλωσιν.
1877 1174 2102 1241 Editor
2148 1177 2225 1239 de
2263 1174 2494 1241 Blassii
2533 1178 2776 1245 infelici

406 1286 763 1349 coniectura
808 1282 911 1344 καὶ
959 1283 1458 1361 χειρουργήσασα
1506 1284 1892 1367 transposuit
1934 1290 2078 1368 post
2117 1283 2534 1356 διακονήσασα
2573 1304 2772 1369 quum

408 1394 477 1455 in
543 1389 724 1455 libris
793 1394 961 1453 recte
1023 1393 1165 1473 post
1233 1388 1631 1463 ἐνθυμηθεῒσα
1694 1396 1857 1454 esset
1916 1387 2314 1453 collocatum.
2410 1386 2777 1455 Concubina

408 1500 577 1561 enim
637 1496 731 1560 nil
791 1498 916 1560 nisi
963 1516 1276 1560 venenum
1335 1496 1402 1559 in
1444 1496 1668 1559 vinum
1717 1494 1954 1559 infudit
1993 1496 2200 1576 iisque
2244 1500 2614 1561 venenatam
2662 1517 2776 1583 po-

408 1606 647 1668 tionem
718 1600 1052 1666 bibendam
1129 1600 1338 1675 dedit,
1410 1600 1577 1684 quod
1645 1614 1741 1665 est
1810 1601 2120 1666 διακονεῖν.
2218 1599 2394 1666 Uxor
2463 1608 2526 1665 et
2587 1602 2780 1668 dandi

408 1710 635 1773 veneni
696 1706 1034 1773 consilium
1098 1711 1268 1791 cepit
1314 1706 1692 1791 (ἐνεθυμήθη)
1740 1706 1930 1792 idque
1975 1704 2107 1770 suis
2152 1708 2444 1772 manibus
2487 1710 2627 1792 ipsa
2671 1730 2778 1794 pa-

407 1817 575 1879 ravit
622 1813 1159 1899 (ἕχειρούργησεν).

499 1918 744 1985 Deinde
804 1920 1007 1984 scribe
1070 1917 1205 1998 ἔχει
1267 1919 1738 1998 τάπίχειρα
1799 1912 1875 1980 ὦν
1937 1915 2088 1993 ἀξία
2148 1914 2250 2001 ἦν,
2296 1920 2378 1998 τῷ
2427 1920 2553 1999 γὰρ
2594 1919 2780 1997 δημο-

410 2027 578 2109 κοίνῳ
625 2028 1019 2107 τροχισθεῖσα
1066 2024 1361 2103 παρεδόθη
1409 2024 1635 2091 deletis
1687 2023 1900 2090 verbis
1951 2026 2363 2110 ineptissimis
2400 2026 2562 2090 οὐδὲν
2599 2026 2776 2092 αἰτία

409 2130 559 2200 οὖσα
580 2182 597 2214 ,
668 2154 826 2220 quae
895 2140 959 2199 et
1024 2138 1313 2220 pugnant
1381 2150 1528 2196 eum
1592 2130 1876 2197 Oratoris
1935 2132 2246 2196 sententia
2305 2136 2370 2197 et
2429 2132 2779 2198 arctissime

410 2243 744 2307 coniuncta
790 2237 1168 2326 permoleste
1214 2238 1546 2303 dirimunt.

500 2344 833 2413 Praeterea
880 2365 1173 2433 expungo
1219 2343 1328 2421 ἤδη
1348 2391 1366 2421 ,
1412 2364 1573 2429 quae
1616 2344 1794 2409 notio
1839 2362 2092 2428 prorsus
2130 2345 2209 2408 ab
2247 2344 2365 2409 hoe
2401 2344 2539 2411 loeo
2572 2346 2778 2413 aliena

410 2460 523 2518 est.
621 2450 729 2517 Sie
788 2455 999 2517 omnia
1068 2454 1311 2537 optime
1355 2449 1729 2537 procedunt:
1779 2452 1812 2523 ή
1861 2449 1975 2525 μὲν
2021 2448 2434 2524 διακονήσασα
2480 2451 2618 2534 ἔχει
2665 2454 2778 2518 τά-

412 2561 665 2639 πίχειρα
712 2553 788 2622 ὦν
834 2556 983 2634 ἀξία
1034 2552 1141 2632 ἦν,
1190 2560 1223 2635 ή
1271 2558 1324 2622 δ’
1372 2557 1550 2622 αἰτία
1596 2534 1766 2633 ἕξει.ἱ

501 2801 661 2889 Pag.
712 2797 862 2865 113.
910 2799 1027 2864 40:
1080 2789 1368 2874 δεήσεται
1414 2799 1683 2877 ἀθέμιτα
1733 2801 1868 2886 [καὶ
1915 2800 2158 2892 ἀνόσια]
2201 2803 2306 2868 καὶ
2354 2804 2631 2874 ἀτέλεςα
2670 2805 2776 2873 καὶ

408 2908 717 2982 ἀνήκουσα
779 2907 882 2972 καὶ
950 2910 1097 2978 θεοῖς
1160 2907 1266 2972 καὶ
1317 2908 1481 2983 ὑμῖν.
1528 2905 1828 2992 Optimus
1874 2906 2036 2973 liber
2079 2910 2184 2974 καὶ
2233 2909 2449 2975 ἀνόσια
2496 2915 2782 2990 omittit,

406 3018 575 3081 reete
635 3021 711 3078 ut
776 3013 1071 3099 equidem
1133 3015 1372 3099 opinor.
1464 3012 1650 3078 Nihil
1707 3015 1878 3078 enim
1935 3017 2200 3081 interest
2259 3019 2426 3082 inter
2488 3017 2659 3096 θέμις
2717 3023 2783 3085 et

406 3121 581 3197 ὁσία,
644 3119 751 3185 sed
813 3118 1082 3194 ἀθέμιτα
1135 3118 1331 3184 habet
1374 3118 1443 3181 τὸ
1491 3119 1884 3198 ἀρχαιοπινές
1901 3167 1920 3196 ,
1966 3120 2135 3205 quod
2181 3129 2355 3187 amat
2410 3122 2743 3208 Antiphon
2763 3174 2780 3202 ,

406 3228 621 3293 ἀνόσια
667 3226 1122 3314 pervulgatum
1166 3223 1551 3290 vocabulum
1601 3231 1717 3291 est.

493 3333 648 3400 Post
701 3354 902 3419 pauca
945 3332 1216 3420 legitur:
1265 3332 1442 3409 ὑμεῖς
1486 3369 1567 3380 -
1612 3330 1664 3394 δ’
1714 3332 1812 3398 ἐςὲ
1856 3332 2058 3409 βοηθοὶ
2099 3371 2180 3382 -
2219 3341 2334 3399 τῶν
2385 3337 2452 3399 ἐκ
2502 3337 2780 3414 προνοίας

404 3441 897 3512 ἀποθνησκόντων
946 3440 1049 3502 καὶ
1097 3441 1311 3501 ταῦτα
1360 3436 1469 3515 ὑφ’
1509 3433 1586 3501 ὧν
1625 3435 1782 3510 ήκις’
1822 3439 2007 3517 ἐχρῆν
2051 3439 2296 3524 [αὐτοὺς
2322 3441 2777 3530 ἀποθνήσκειν].

406 3545 756 3614 Graeculus
820 3545 887 3609 in
950 3545 1286 3609 tritissima
1343 3542 1661 3608 locutione
1717 3549 1953 3609 certam
1997 3553 2062 3610 et
2107 3553 2476 3632 perpetuam
2524 3547 2778 3636 ellipsin

403 3651 818 3739 frigidissime
880 3650 1179 3736 explevit.
1275 3649 1445 3730 Quid
1504 3653 1719 3716 notius
1765 3655 1860 3715 est
1904 3653 1972 3715 in
2020 3651 2137 3718 tali
2186 3673 2252 3718 re
2299 3673 2494 3739 quam
2543 3655 2652 3730 ὑφ’
2699 3653 2776 3722 ὦν

406 3758 563 3834 ῆκις’
614 3759 798 3836 ἐχρῆν
849 3763 912 3821 et
956 3758 1118 3842 apud
1169 3757 1491 3822 Romanos
1529 3757 1688 3820 unde
1734 3756 1972 3820 minime
2013 3765 2272 3840 oportuit
2288 3759 2325 3821 ?
2370 3759 2600 3827 Paullo
2625 3767 2774 3830 anto

402 3869 571 3929 reete
614 3862 893 3950 legitur:
939 3861 1123 3935 ἀθέως
1176 3901 1257 3912 —
1309 3863 1421 3943 ὑφ’
1470 3857 1545 3925 ὦν
1594 3861 1752 3938 ἔκυς’
1799 3863 1982 3942 ἐχρῆν
2027 3865 2130 3927 ’τὸν
2173 3863 2311 3939 βίον
2359 3867 2640 3932 ἐκλιπών.

496 4121 656 4209 Pag.
710 4121 861 4185 114.
911 4121 983 4184 2:
1034 4121 1209 4198 ὑμεῖς
1260 4119 1323 4184 δὲ
1372 4115 1530 4190 ὅπως
1579 4117 1776 4182 διδῶσι
1826 4117 1991 4192 δίκην
2037 4121 2086 4184 οἱ
2148 4121 2491 4194 ἀδικοῦντες
2554 4126 2769 4191 τούτου

400 4225 581 4292 ἕνεκα
641 4227 745 4291 καὶ
813 4226 1059 4295 δικαςα)
1124 4224 1402 4302 ἐγένεσθε
1454 4225 1557 4288 καὶ
1614 4225 1928 4300 ἐκλήθητε.
2019 4223 2268 4293 Haereo
2327 4231 2396 4293 in
2444 4231 2772 4310 ἐκλήθητε,

400 4333 567 4418 quod
609 4333 685 4398 de
728 4333 1049 4399 iudicibus
1094 4331 1456 4396 inauditum
1504 4338 1631 4396 est:
1682 4337 1876 4396 testes
1915 4337 2250 4398 καλοῦνται
2291 4335 2607 4421 (citantur)
2643 4357 2771 4403 non

400 4439 661 4506 iudices.
754 4439 1041 4506 Fortasse
1089 4459 1217 4504 una
1263 4435 1513 4523 syllaba
1558 4439 1754 4524 periit
1801 4443 1864 4502 et
1911 4457 2136 4504 verum
2185 4444 2280 4505 est
2324 4441 2430 4504 καὶ
2471 4441 2774 4516 &zaupo-

2895 2773 3208 2884 lfa.)-
