3369 5142
1427 360 1649 410 smero.
2596 334 2726 405 397

1092 534 1484 599 immanibus
1529 533 1802 618 adplicat
1847 535 1990 599 oris.

356 656 711 705 ADPch'r:
767 641 1081 704 seeundum
1142 656 1559 707 ΡΒΑΒΒΕΝΤΒΜ
1614 656 1790 704 USlm
1819 662 1936 723 per
1981 656 2024 703 1)
2059 644 2258 721 prima
2298 638 2526 723 syllaba
2573 636 2724 699 ecri-

354 745 515 810 bitur
530 774 549 811 .-
610 748 925 811 eeeumbwm
984 763 1316 817 mnoum
1364 753 1557 810 autem
1603 760 2178 821 ORTHOGRAPHIAM,
2231 766 2377 830 quae
2416 749 2720 827 praeposi-

353 858 575 915 tionum
623 853 893 915 ultimam
940 852 1175 915 literam
1224 874 1529 916 consonam
1575 853 1642 915 in
1689 852 1948 917 vicinam
1989 851 2272 927 mutabat,
2313 872 2422 934 per
2466 850 2539 913 P.

444 958 568 1025 Sed
588 1006 603 1035 ,
686 965 762 1024 ut
820 959 1073 1024 redeam
1134 958 1303 1023 unde
1362 959 1488 1024 huc
1548 958 1872 1045 digressus
1933 979 2077 1023 sum
2094 1008 2113 1041 ‚
2175 958 2240 1021 in
2313 955 2724 1022 aestimandis

355 1064 661 1131 Codicum
724 1067 1052 1150 scripturis
1116 1067 1251 1130 sive
1308 1062 1698 1131 Graecorum
1763 1067 1900 1129 sive
1961 1064 2334 1129 Latinorum
2381 1062 2726 1150 diligenter

357 1178 453 1238 est
510 1173 747 1257 ubique
810 1171 1443 1237 animadvertendum
1490 1191 1649 1255 quae
1695 1170 1934 1236 formae
1979 1172 2182 1255 ipsius
2227 1170 2552 1255 scriptoris
2597 1172 2726 1233 sint

360 1285 425 1344 et
471 1300 631 1363 quae
676 1284 893 1343 contra
939 1300 1016 1343 ex
1061 1277 1219 1343 falsa
1266 1274 1851 1343 Grammaticorum
1899 1277 2188 1361 opinione
2235 1274 2499 1341 refictae.
2598 1274 2726 1340 Ita-

358 1406 481 1470 que
526 1386 581 1449 si
628 1390 871 1451 constat
916 1385 1106 1458 δοκοῒς
1130 1434 1145 1460 ,
1198 1384 1363 1448 δοκοῖ
1403 1388 1469 1448 01
1514 1382 1752 1447 similia
1789 1385 2002 1447 omnia
2040 1384 2189 1447 vivo
2226 1380 2495 1447 Platone
2533 1381 2728 1446 fuisse

356 1494 663 1557 inusitata
730 1496 794 1557 et
864 1489 1184 1573 inaudita,
1255 1509 1382 1554 non
1448 1488 1633 1553 debet
1700 1508 1814 1553 nos
1885 1486 2234 1553 multitudo
2303 1486 2586 1552 locorum
2647 1488 2727 1552 ab

358 1597 795 1663 emendatione
862 1596 1177 1662 deterrere
1193 1642 1209 1669 ‚
1282 1595 1583 1680 quoniam
1662 1594 1734 1657 hi
1801 1593 1925 1659 loci
1995 1593 2072 1659 de
2147 1592 2462 1657 industria
2529 1591 2728 1658 reficti

357 1724 575 1772 omnes
623 1702 882 1789 perinde
925 1702 1145 1767 vitiosi
1190 1706 1357 1767 sunt.

450 1914 605 1981 Alia
688 1934 869 1979 causa
949 1914 1101 1979 111110
1169 1932 1423 1998 prorsus
1486 1913 1798 1978 contraria
1863 1932 2167 1999 magnam
2237 1912 2730 1997 discrepantium

360 2024 819 2111 scripturarum
882 2022 1130 2104 copiam
1182 2022 1447 2104 peperit.
1540 2019 1640 2083 Ab
1686 2019 1768 2083 iis
1816 2020 1926 2103 qui
1972 2040 2152 2085 veras
2196 2018 2496 2084 lectiones
2534 2018 2734 2103 opini-

362 2130 499 2193 onis
576 2147 779 2193 errore
843 2125 1269 2211 depravabant
1326 2130 1461 2191 toto
1514 2123 1689 2190 coelo
1749 2124 1983 2190 diversi
2045 2131 2194 2190 sunt
2255 2127 2366 2209 qui
2423 2122 2731 2189 Codicum

361 2234 524 2299 vitia
592 2235 957 2320 corrigendo
1002 2230 1224 2296 tollere
1271 2229 1676 2296 conabantur.
1771 2230 1916 2295 Non
1962 2239 2140 2296 erant
2184 2231 2252 2295 hi
2301 2231 2470 2296 docti
2517 2231 2734 2295 admo-

362 2339 515 2405 dum
575 2360 777 2426 neque
839 2340 1013 2403 acuti
1064 2358 1179 2403 nec
1222 2337 1505 2401 multum
1553 2336 1793 2401 iudicio
1838 2336 2168 2419 valebant,
2216 2337 2328 2403 sed
2372 2339 2522 2421 quia
2567 2338 2736 2401 inter

361 2445 707 2532 legendum
769 2446 889 2509 hoc
936 2443 1212 2531 agebant
1257 2449 1321 2508 et
1359 2442 1619 2530 linguae
1666 2445 1902 2508 veteris
1947 2462 2070 2508 non
2117 2449 2295 2508 erant
2340 2445 2550 2530 ignari
2596 2464 2734 2528 per-

364 2551 573 2617 multa
617 2549 852 2637 pusilla
898 2550 1127 2615 menda
1171 2550 1443 2615 minutis
1490 2548 2007 2615 correctiunculis
2049 2548 2464 2616 sustulerunt.

452 2657 595 2723 Non
680 2677 813 2722 esse
890 2655 1344 2720 difficillimum
1412 2656 1525 2720 has
1593 2655 2178 2720 emendatiunculas
2247 2677 2284 2720 a
2351 2656 2734 2722 testimoniis

360 2763 702 2827 meliorum
750 2769 814 2827 et
860 2763 1289 2844 antiquiorum
1330 2761 1639 2826 librorum
1681 2761 2031 2826 discernere
2069 2781 2150 2826 ex
2187 2763 2432 2827 duobus
2471 2763 2732 2846 optimis

364 2866 703 2934 Codicibus
765 2866 1101 2932 Oxoniensi
1164 2872 1228 2930 et
1281 2865 1527 2931 Veneto
1546 2914 1562 2942 ,
1612 2887 1768 2950 quos
1817 2866 2041 2934 Editor
2085 2871 2152 2932 in
2200 2875 2381 2934 textu
2427 2871 2732 2934 constitu-

364 2975 523 3040 endo
570 2994 681 3058 pro
728 2972 1140 3039 fundamento
1186 2972 1444 3049 habuit,
1494 2973 1818 3038 ostendere
1865 2975 2065 3039 iuvat.

452 3081 961 3166 Antiquissimus
1022 3082 1312 3144 omnium
1374 3083 1437 3143 et
1498 3077 1905 3144 fidelissimus
1967 3082 2148 3144 testis
2206 3087 2301 3145 est
2359 3079 2732 3148 Oxoniensis

362 3191 497 3254 sive
558 3186 975 3262 Bodleianus,
1040 3207 1118 3250 ex
1178 3205 1304 3268 quo
1350 3183 1505 3250 olim
1554 3184 1886 3250 credebam
1933 3185 2242 3270 quidquid
2281 3195 2451 3273 ‚esset
2495 3189 2731 3272 ubique

362 3292 870 3380 apographorum
918 3311 1205 3356 manasse
1225 3340 1243 3374 ,
1290 3289 1399 3355 sed
1448 3289 1601 3355 haec
1646 3311 1753 3355 me
1799 3294 2010 3376 opinio
2056 3290 2300 3357 fefellit.
2395 3293 2512 3358 Est
2557 3297 2729 3358 enim

360 3420 506 3487 pag.
574 3399 681 3464 54.
728 3397 813 3463 27
879 3395 1171 3483 (Schanz)
1238 3395 1499 3460 lacuna:
1566 3405 1758 3461 ΠΕΡΙ
1823 3405 2096 3462 ΟΤΠΕΡ
2163 3397 2290 3482 (και)
2349 3399 2728 3476 &mesia-ovat,

363 3497 497 3585 πὲρ)
564 3505 949 3586 κιθαρίσεως.
1014 3500 1051 3577 ἦ
1106 3503 1271 3583 min
1336 3502 1473 3566 val.
1538 3498 1692 3567 εἷεν·
1759 3503 1787 3566 ὃ
1851 3503 1914 3566 δὲ
1970 3502 2041 3578 335
2088 3505 2344 3584 σοΦιςὺς
2393 3506 2524 3582 περὶ
2575 3507 2730 3580 τίνος

364 3609 547 3676 δεινὸν
609 3618 773 3676 ποιεῖ
825 3609 1071 3696 λέγεινς
1138 3609 1171 3684 ἢ
1236 3610 1416 3683 δῆλον
1478 3603 1568 3672 ὅτι
1634 3617 1824 3673 ΠΕΡΙ
1893 3611 2196 3696 ΟΤΠΕΡ)
2255 3609 2360 3675 καὶ
2409 3610 2726 3680 {wlcan-ou.

362 3717 734 3802 Repetitum
798 3717 866 3781 in
925 3718 1160 3782 vicinia
1217 3715 1351 3797 περὶ
1414 3711 1595 3793 οὗπερ
1658 3716 1930 3780 scribam
1992 3717 2060 3781 in
2121 3737 2395 3783 errorem
2443 3719 2731 3797 induxit,

365 3843 489 3909 quo
556 3822 797 3888 factum
866 3828 961 3886 est
1028 3827 1105 3887 111
1167 3822 1373 3888 media
1441 3823 1653 3886 omnia
1721 3824 2086 3900 interirent,
2153 3844 2314 3907 quae
2369 3825 2436 3888 in
2482 3823 2732 3890 Veneto

364 3926 595 3994 Codice
645 3931 897 4015 integra
942 3933 1301 4012 supersunt.

454 4034 625 4100 Fieri
682 4037 886 4121 igitur
946 4053 1071 4098 non
1128 4038 1336 4118 potest
1395 4037 1469 4098 ut
1530 4055 1565 4098 e
1625 4033 1970 4099 Bodleiano
2015 4035 2125 4120 (Β)
2172 4035 2449 4101 Venetus
2499 4035 2604 4121 (T)
2650 4039 2735 4100 sit

366 4141 753 4226 descriptus,
818 4141 925 4205 sed
985 4145 1251 4224 uterque
1300 4139 1463 4204 liber
1504 4161 1582 4204 ex
1626 4160 1756 4205 uno
1805 4140 2149 4228 eodemque
2194 4143 2364 4208 fonte
2410 4143 2733 4208 derivatus

367 4253 484 4312 est.
574 4245 957 4312 Bodleianus
1032 4245 1287 4310 nullum
1360 4253 1771 4311 correctorem
1849 4253 2072 4313 nactus
2134 4249 2243 4313 sed
2303 4248 2596 4334 religiose
2657 4248 2734 4312 ab

364 4353 617 4419 indocto
684 4351 943 4417 librario
1011 4352 1361 4435 descriptus
1429 4357 1627 4417 scatet
1695 4355 1874 4417 vitiis
1933 4354 2368 4438 erroribusque
2383 4402 2402 4434 ‚
2463 4373 2732 4438 quorum

364 4479 511 4544 pars
571 4461 640 4522 in
699 4456 936 4524 Veneto
982 4462 1259 4524 correcta
1302 4457 1545 4544 legitur
1588 4479 1714 4522 non
1761 4478 1840 4523 ex
1886 4463 2264 4526 auctoritate
2309 4459 2462 4524 libri
2507 4463 2742 4527 veteris
