3369 5142
12 96 371 333 s„

597 317 731 396 256
1590 341 1972 400 usnemu

591 519 879 607 Denique
923 542 1019 588 vs.
1070 518 1281 586 1086:

1044 623 1230 705 μήθ’
1278 620 1445 705 αἷμά
1488 650 1608 705 μου
1654 626 1899 705 δέξαιτο
1948 628 2250 711 κάρπιμον
2298 628 2476 695 πέδον

1050 735 1151 812 μὴ
1196 732 1484 814 λαμπρὸς
1533 729 1751 815 αἰθήρ,
1801 734 1860 799 εί
1903 736 1962 799 σ’
2010 734 2131 815 ἐγὼ
2182 736 2428 817 προδούς
2479 758 2630 801 ποτε

1044 836 1459 921 ἐλευθερώσας
1507 841 1730 917 τούμὸν
1775 840 2147 921 άπολίποιμί
2187 866 2278 907 σε.

590 945 731 1013 Hos
774 948 980 1035 igitur
1020 945 1192 1013 locos
1236 944 1583 1012 Elmsleius
1631 947 1854 1013 attulit
1899 948 1980 1014 ad
2025 948 2180 1015 Eur.
2227 947 2395 1015 Med.
2451 944 2664 1014 1316:

1044 1046 1107 1127 ὃς
1155 1051 1334 1119 οὔτε
1379 1052 1645 1135 λέκτρων
1690 1056 2010 1135 νεογάμων
2056 1057 2346 1133 ὀνήσομαι
2360 1104 2376 1134 ,

1043 1160 1122 1226 οὗ
1172 1158 1441 1245 παῖδας,
1488 1156 1585 1234 οὓς
1636 1159 1849 1243 ἔφυσα
1897 1160 2390 1246 κάξεθρεψάμην

1042 1262 1156 1342 ἕξω
1202 1274 1550 1348 προσειπεῖν
1596 1264 1863 1349 ζῶντας,
1913 1271 2064 1335 α’λλ’
2111 1270 2431 1335 άπώλεσα.

593 1374 717 1444 Sed
786 1376 1041 1441 etiamsi
1106 1373 1177 1438 hi
1238 1373 1541 1440 versiculi
1593 1377 1756 1443 vitio
1819 1383 2071 1443 careant
2091 1426 2109 1455 ‚
2177 1376 2346 1464 quod
2405 1394 2610 1461 neque
2654 1372 2966 1441 affirmare

593 1505 711 1550 nec
766 1480 1053 1547 refellere
1112 1482 1181 1544 in
1228 1482 1438 1545 animo
1485 1486 1617 1559 est,
1662 1504 1789 1546 non
1831 1486 1986 1549 satis
2033 1489 2174 1549 tuto
2221 1482 2392 1571 apud
2435 1481 2770 1549 Alexidem
2816 1501 2965 1546 cum

592 1590 870 1658 Porsono
934 1589 1154 1675 reponi
1214 1590 1450 1675 poterit
1512 1588 1651 1654 οὔτε
1715 1588 1959 1669 τρυγόν’
2021 1592 2086 1656 οὐ
2135 1589 2438 1669 τέττιγα,
2493 1589 2660 1675 quod
2705 1588 2966 1656 fortasse

592 1699 925 1775 ferremus,
989 1698 1047 1761 si
1108 1698 1177 1761 in
1222 1692 1455 1761 Codice
1499 1695 1849 1783 legeretur,
1902 1696 2012 1763 sed
2057 1699 2417 1763 coniectura
2466 1699 2535 1760 in
2581 1700 2834 1761 textum
2877 1691 2962 1758 il-

592 1805 802 1871 latum
860 1822 985 1869 non
1049 1801 1340 1868 feremus.
1431 1800 1645 1868 Aliter
1707 1808 1876 1868 certe
1921 1805 2153 1869 comici
2197 1810 2418 1889 poetae
2464 1801 2668 1867 dicere
2713 1806 2932 1865 amant
2944 1820 2962 1877 ;

590 1910 1042 1999 Aristophanes
1086 1931 1149 1976 v.
1200 1930 1254 1974 c.
1302 1909 1473 1994 apud
1523 1902 1671 1974 Ath'.
1723 1907 1776 1973 Ι.
1824 1931 1889 1996 p.
1937 1907 2024 1974 29
2072 1908 2168 1975 A:

1044 2012 1191 2081 οἶνον
1237 2014 1300 2080 δὲ
1347 2014 1539 2079 πίνειν
1585 2016 1721 2079 οὐκ
1770 2015 1930 2081 ἐάσω
1977 2016 2284 2098 Πράμνιον

1046 2123 1122 2189 οὔ
1172 2130 1351 2201 Χῖον,
1398 2122 1591 2201 οὐχὶ
1643 2119 1911 2209 Θάσιον,
1957 2125 2036 2189 οὐ
2084 2119 2478 2204 Πεπαρήθιον

1043 2228 1189 2295 οὐδ’
1235 2226 1428 2293 άλλον
1475 2224 1599 2300 ὅςις
1648 2228 1940 2310 ἐπεγερεῖ
1981 2232 2083 2297 τὸν
2132 2229 2444 2310 ἓμβολον.,

593 2340 890 2425 idemque
935 2356 1036 2423 sp.
1084 2334 1243 2401 Ath.
1290 2333 1417 2400 VII
1461 2356 1521 2422 p.
1575 2332 1704 2401 311
1760 2334 1846 2403 O:

867 2448 944 2513 οὐ
992 2442 1224 2525 κρανίον
1271 2440 1627 2523 λάβρακος,
1678 2444 1857 2524 οὐχ)
1908 2444 2184 2526 κάραβον
2235 2442 2576 2526 πρίασθαι,

866 2552 1001 2618 οὐκ
1045 2547 1323 2630 ἔγχελυν
1368 2550 1692 2629 Βοιωτίαν,
1741 2554 1821 2617 οὐ
1867 2557 2182 2632 γλαῦκον,
2231 2550 2414 2634 οὐχὶ
2463 2548 2680 2616 θύννου

864 2657 1254 2741 ὑπογάςριον.

592 2767 721 2835 Sed
779 2768 1068 2831 omnium
1130 2765 1449 2850 optimum
1512 2771 1608 2829 est
1654 2766 2098 2831 testimonium
2142 2764 2434 2832 Alexidis
2477 2765 2681 2852 ipsius
2725 2761 2960 2832 Athen.

588 2873 701 2944 IV.
747 2895 813 2961 p.
866 2870 993 2940 170
1038 2869 1128 2937 B:

1701 2980 1838 3045 οὐκ
1883 2978 2047 3062 ἔχων
2091 2980 2154 3046 δὲ
2202 2977 2506 3059 τυγχάνω

958 3087 1095 3152 οὐκ
1140 3083 1311 3164 ὅξος,
1360 3087 1496 3151 οὐκ
1545 3082 1805 3165 άνηθον,
1855 3089 1994 3152 οὐκ
2040 3085 2356 3168 ὀρίγανον,

950 3194 1033 3260 οὗ
1077 3193 1279 3275 θρῖον,
1328 3193 1462 3257 οὐκ
1510 3189 1752 3279 ἔλαιον,
1799 3196 1934 3260 οὐκ
1979 3193 2405 3277 άμυγδάλας,

951 3302 1033 3365 οὐ
1079 3298 1388 3384 σκόροδον,
1434 3298 1515 3364 οὖ
1562 3300 1818 3386 σίραιον,
1865 3301 2051 3381 οὐχὶ
2104 3301 2354 3384 γητιον,

951 3408 1033 3474 οὔ
1079 3405 1350 3486 βολβόν,
1396 3407 1480 3471 οὗ
1526 3409 1681 3488 πῦρ,
1729 3408 1810 3472 οὔ
1859 3407 2133 3485 κύμινον,
2182 3408 2336 3488 οὐχ
2381 3403 2585 3491 ἅλας,

958 3516 1095 3580 οὐκ
1142 3512 1283 3596 ᾧόν,
1333 3514 1413 3579 οὐ
1459 3511 1625 3592 ξύλ’,
1667 3515 1747 3579 οὔ
1794 3515 2083 3598 σκάφην,
2135 3516 2211 3580 οὐ
2262 3515 2568 3600 τήγανον,

946 3624 1097 3703 οὐχ
1142 3618 1416 3699 ἱμονιάν,
1462 3622 1544 3687 οὗ
1590 3621 1824 3686 λάκκον
1870 3617 2062 3700 εἶδον,
2115 3623 2195 3687 οὖ
2239 3622 2473 3703 Φρέαρ·

950 3733 1025 3795 οὐ
1072 3729 1304 3806 ςάμνος
1354 3728 1467 3796 ἑςί.

586 3837 807 3924 Itaque
841 3835 1107 3903 Porsoni
1145 3836 1575 3901 coniecturam
1615 3835 1979 3900 reiiciemus
1994 3881 2012 3912 ‚
2053 3834 2164 3901 sed
2187 3855 2309 3901 non
2333 3837 2544 3925 magis
2567 3836 2959 3920 acquiescere

585 3945 938 4031 poterimus
1005 3940 1231 4009 Cobeti
1293 3939 1563 4006 lectione
1577 3987 1595 4018 ,
1658 3961 1811 4006 nam
1861 3940 2222 4007 hirundinis
2283 3941 2540 4029 quidem
2603 3945 2845 4010 mentio
2888 3947 2958 4009 in

586 4049 703 4116 tali
748 4051 1061 4115 sententia
1104 4048 1453 4112 necessario
1496 4043 1632 4112 fieri
1680 4047 1939 4132 debuit,
1986 4048 2096 4114 sed
2141 4047 2448 4115 lusciniae
2491 4069 2616 4116 non
2664 4055 2760 4117 est
2813 4071 2955 4118 mo-

582 4157 744 4224 lesta
786 4154 1156 4242 loquacitas.
1202 4151 1528 4218 Intellexit
1571 4153 1692 4219 hoc
1737 4151 2096 4221 Meinekius
2110 4205 2128 4240 ,
2171 4158 2353 4221 cuius
2389 4157 2666 4241 suspicio
2704 4157 2959 4225 effertur

583 4267 652 4329 in
714 4260 935 4349 Suppl.
1002 4260 1175 4327 Add.
1233 4280 1294 4344 p.
1345 4259 1511 4338 205;
1562 4260 1728 4325 vidit
1776 4264 1949 4325 enim
1993 4262 2113 4326 sub
2161 4260 2385 4336 ἀηδόνα
2433 4263 2794 4330 hirundinis
2838 4285 2952 4330 no-

581 4391 732 4436 men
793 4368 1026 4453 latere3
1086 4367 1254 4453 quod
1301 4386 1450 4433 vero
1496 4369 1813 4452 reposuit:
1862 4367 1929 4431 οὐ
1976 4367 2245 4448 χελιδόν’
2292 4368 2433 4434 οὔτε
2479 4369 2784 4448 τρυγόνα,
2831 4389 2955 4437 non

582 4481 795 4568 magis
858 4477 1111 4566 probari
1172 4479 1380 4560 potest
1448 4493 1643 4559 quam
1715 4473 1881 4559 quod
1949 4474 2266 4542 Porsonus
2332 4479 2607 4546 tentavit
2621 4525 2640 4557 ,
2700 4481 2957 4566 propter
