3369 5142
1378 342 1810 394 nummu.
2657 320 2783 392 15¹7

391 522 518 604 γὰρ
564 519 642 587 ἀν
657 567 675 600 ,
714 521 766 585 εἰ
807 518 936 599 γάρ
973 515 1044 593 ἦν
1083 518 1211 607 (ἀδ.
1256 516 1560 599 νεώτερος)
1575 565 1594 596 ,
1635 538 1829 604 qnare
1866 515 2251 603 particulam
2286 517 2780 586 conditionalem

392 632 610 696 abesse
663 646 849 713 posse
901 645 1027 692 non
1073 626 1259 691 facile
1305 626 1577 691 credam.
1673 623 1797 690 Illo
1842 623 1983 690 loco
2030 625 2159 689 iam
2208 628 2378 690 recte
2424 622 2673 691 Dobree
2720 627 2781 690 ἐν

396 730 438 817 ᾧ
501 732 821 814 σαφ’έςατ’
890 730 968 797 ἂν
1031 732 1168 819 (pro
1215 730 1591 812 σαφές-ατα)
1649 726 1884 795 Ἰωνίσιν
1931 729 2107 803 εὐθὺς
2155 724 2327 809 εἶχον
2375 732 2427 795 οἱ
2474 730 2783 809 πολέμιοι.

392 842 697 907 Felicitcr
763 843 981 905 autem
1047 839 1400 905 necessaria
1457 836 1688 905 vocula
1748 842 1999 903 servata
2046 840 2143 901 est
2186 835 2307 901 VII
2356 834 2465 921 68,
2514 836 2557 902 2
2604 840 2680 911 ὥς
2732 838 2785 902 δ’

397 946 595 1029 ἐχθροὶ
659 948 764 1011 καὶ
823 943 1054 1027 ἔχθισοι
1101 943 1335 1015 πάντες
1381 943 1506 1021 ἵςε,
1555 939 1618 1008 οἵ
1652 945 1722 1019 γ’
1771 940 1870 1007 ἐπὶ
1922 944 2032 1017 τήν
2082 942 2385 1023 ἡμετέραν
2432 940 2605 1018 ἦλθον
2656 944 2787 1011 δον·

398 1052 758 1133 λωσθμενοι,
813 1052 874 1116 ἐν
919 1047 961 1133 ᾧ
1015 1052 1094 1137 [εἰ
1141 1051 1602 1135 κατώρθωσαν,]
1653 1048 1905 1129 ἀνδράσι
1953 1048 2067 1125 μὲν
2113 1049 2205 1113 ἂν
2252 1047 2542 1127 τάλγιςα
2596 1074 2782 1127 προσ-

399 1161 614 1227 έθεσαν
634 1209 652 1234 ,
713 1156 893 1223 παισὶ
961 1157 1022 1222 δὲ
1081 1158 1187 1221 καὶ
1251 1154 1496 1236 γυναιξὶ
1561 1154 2018 1234 τάπρεπέςοιτα
2084 1155 2233 1231 nei-2„
2296 1156 2409 1221 ubi
2456 1156 2516 1220 ἐν
2563 1153 2607 1237 ᾧ
2656 1158 2789 1245 sig-

400 1265 618 1333 nificat
685 1265 736 1331 εἷ
799 1264 1210 1331 ἐδουλώσαντο
1227 1313 1244 1342 ,
1309 1284 1502 1349 quare
1562 1265 1842 1329 insiticia
1900 1262 2202 1328 videntur
2262 1263 2457 1329 verba
2519 1262 2787 1331 inclusa.

402 1374 658 1439 Horum
701 1370 987 1437 locorum
1037 1376 1150 1437 aut
1193 1374 1540 1436 immemor
1585 1374 1699 1435 aut
1739 1372 2003 1456 ignarus
2050 1366 2339 1434 Badham
2357 1418 2373 1445 ,
2420 1370 2556 1435 sine
2600 1390 2793 1436 causa

402 1479 628 1545 idonea
689 1478 952 1543 haerens
997 1480 1068 1543 in
1113 1476 1410 1557 ἠπόρησεν
1457 1476 1747 1543 absolute
1794 1476 1897 1561 (ut
1934 1494 2060 1541 non
2094 1475 2263 1562 raro)
2302 1476 2508 1560 posito
2529 1525 2546 1554 ,
2590 1478 2795 1543 conie-

404 1587 494 1651 cit
556 1585 659 1650 καὶ
727 1586 847 1663 οὐχ
908 1585 1020 1669 (sc.
1087 1584 1407 1668 ἠπόρησεν)
1457 1586 1534 1653 ὡς
1583 1582 1861 1663 ἀδελφὸς
1906 1585 2182 1662 νεώτερος
2228 1580 2305 1645 ὢν
2354 1582 2649 1664 ἠπόρησεν
2699 1584 2793 1651 ἂν

405 1687 494 1755 ὧν
560 1692 624 1756 οὐ
689 1688 969 1770 πρότερον
1024 1687 1298 1769 ξυνεχῶς
1358 1689 1656 1768 ὦμιλήκει
1715 1697 1791 1769 τῇ
1842 1688 2049 1771 ἀρχῇ,
2098 1687 2420 1774 explicans
2466 1696 2583 1755 τῶν
2632 1692 2793 1757 ὑπα-

409 1796 786 1873 κουσομένων
831 1795 936 1859 καὶ
987 1797 1152 1865 ἀςῶν
1195 1795 1302 1861 καὶ
1356 1794 1703 1872 ἐπικούρων.

499 1902 586 1969 VI
633 1902 743 1978 57,
790 1899 856 1968 2.
904 1902 1011 1967 καὶ
1056 1904 1134 1975 ὥς
1183 1897 1340 1967 εἶδόν
1387 1923 1526 1966 τινα
1572 1907 1693 1966 τῶν
1738 1899 2095 1979 ξυνωμοτῶν
2132 1900 2313 1982 σφίσι
2356 1901 2799 1983 διαλεγόμενον

409 2010 635 2083 οἰκείως
686 2010 772 2089 τῷ
822 2007 1044 2093 Ἱππίᾳ
1093 2006 1189 2094 (ἦν
1238 2008 1300 2073 δὲ
1348 2010 1538 2073 πᾶσιν
1587 2005 1973 2092 εὐπρόσοδος)
2020 2006 2263 2072 ἔδεισαν
2308 2008 2434 2073 κτὲ.
2502 2008 2607 2075 Sic
2652 2009 2801 2098 lege

408 2118 618 2184 deleto
679 2118 938 2181 nomine
997 2117 1250 2201 proprio
1295 2114 1324 2178 ὃ
1373 2113 1625 2187 Ἱππίας
1649 2162 1666 2190 ,
1717 2113 1885 2198 quod
1930 2112 2286 2201 mag-istem
2332 2114 2801 2201 adscripserunt

410 2226 491 2291 ad
536 2221 906 2302 εὐπρόσοδος.

504 2329 612 2396 VI.
658 2327 770 2413 58,
811 2327 878 2394 .l.
930 2327 1349 2407 ἀγγελθέντος
1395 2326 1743 2414 (ἀγγελθὲν
1758 2323 1811 2411 Y)
1860 2326 1925 2391 δὲ
1972 2328 2192 2411 Ἱππίᾳ
2238 2328 2299 2400 ἐς
2346 2328 2451 2394 τὸν
2497 2338 2801 2410 Κεραμει-

412 2438 515 2504 κόν
543 2488 558 2516 ,
625 2438 732 2502 οὐκ
796 2436 898 2501 ἐπὶ
939 2437 1010 2501 τὸ
1056 2433 1388 2514 γενόμενον
1434 2434 1586 2499 ἀλλ’
1637 2432 1737 2497 ἐπὶ
1786 2433 1925 2506 τοὺς
1973 2432 2269 2511 πομπέας
2322 2434 2486 2521 [τοὺς
2535 2436 2805 2510 ὁπλίτας

415 2544 625 2612 delevi
672 2543 840 2609 stud.
889 2542 1026 2627 m]
1077 2540 1361 2621 πρότερον
1409 2540 1442 2617 ἢ
1493 2538 1806 2604 αἰσθέσθαι
1849 2538 2112 2625 αὐτούς,
2150 2538 2381 2606 ἄποθεν
2423 2540 2493 2627 (l.
2536 2540 2805 2628 ἄπωθεν)

411 2652 630 2728 ὄντας,
696 2649 870 2720 εὐθὺς
933 2647 1208 2730 ἐχώρησε
1271 2647 1375 2712 καὶ
1441 2646 1761 2721 ἀδήλως
1833 2655 1928 2727 τῇ
1999 2643 2179 2725 ὄψει
2250 2646 2804 2726 πλασάμενος

415 2759 562 2838 πρὸς
622 2758 732 2831 τὴν
791 2752 1116 2836 ξυμφοράν
1165 2755 1482 2819 ἐκέλευσεν
1526 2751 1790 2832 αὐτούς,
1840 2752 2048 2832 δείξας
2098 2777 2160 2818 τι
2206 2753 2454 2836 χωρίον,
2510 2757 2805 2825 ἀπελθεῖν

419 2866 480 2936 ἐς
527 2863 684 2929 αὐτὸ
733 2898 817 2910 -
867 2859 1015 2925 ἄνευ
1060 2866 1176 2924 τῶν
1230 2857 1457 2927 ὅπλων.
1555 2858 1651 2925 De
1698 2863 2014 2926 sententia
2060 2862 2399 2927 verborum
2450 2862 2691 2938 ἀδήλως
2720 2903 2803 2914 -

418 2969 749 3052 ξυμφοράν
831 2966 945 3034 vix
1011 2964 1150 3030 ulla
1215 2971 1424 3051 potest
1494 2985 1628 3032 esse
1691 2969 2154 3052 controversia,
2218 2975 2479 3055 apparet
2539 2974 2713 3038 enim
2773 2995 2809 3040 e

417 3079 718 3142 contextu
777 3071 1091 3158 Hippiam
1156 3071 1286 3136 dici
1329 3069 1588 3137 vultum
1636 3074 1731 3138 ita
1777 3075 2205 3156 composuisse
2251 3079 2327 3139 nt
2372 3075 2451 3142 de
2490 3097 2639 3144 casu
2688 3079 2813 3146 fra-

417 3185 534 3248 tris
601 3179 766 3246 nihil
834 3179 1166 3244 rescivisse
1210 3177 1536 3243 videretur
1559 3227 1576 3253 ‚
1623 3178 1736 3244 sed
1780 3177 2150 3244 dubitatum
2198 3186 2296 3245 cst
2341 3182 2419 3248 de
2466 3185 2808 3252 verborum

349 3371 360 3382 ·
417 3289 782 3356 sinceritate
799 3335 818 3364 ,
885 3305 1034 3350 cum
1098 3283 1340 3349 fuerint
1413 3285 1526 3368 qui
1596 3285 1991 3368 requirerent
2060 3285 2170 3358 τὴν
2238 3285 2379 3368 ὄψιν
2448 3296 2515 3356 et
2583 3313 2813 3378 nuper.

416 3397 582 3461 rime
639 3390 928 3458 Badham
994 3389 1257 3471 ἀδήλῳ
1317 3399 1397 3472 τῇ
1459 3387 1597 3471 ὄψει
1665 3391 1886 3475 reponi
1947 3391 2225 3457 iusserit.
2319 3393 2461 3482 Ego
2512 3396 2812 3466 dubitans

420 3499 660 3569 Graece
743 3497 870 3562 dici
949 3516 1130 3582 posse
1211 3495 1581 3562 πλάσασθαι
1668 3504 1747 3577 τῇ
1831 3493 1968 3574 ὄψει
2056 3503 2167 3562 aut
2256 3499 2463 3582 ἀδήλῳ
2525 3513 2603 3584 τῇ
2673 3502 2809 3584 ὄψει

421 3627 546 3672 non
614 3604 830 3671 addito
899 3604 1148 3670 obiecto
1217 3605 1586 3688 suspicabar
1653 3604 1699 3666 ἀ
1715 3603 1750 3668 δ
1768 3629 1801 3676 n
1818 3617 1859 3667 λ
1880 3602 1961 3667 ία
1980 3627 2011 3668 ν
2082 3603 2473 3692 (Hesychius
2532 3609 2810 3696 explicat

423 3711 766 3794 ἀγνωσίαν)
828 3717 906 3790 τῇ
967 3707 1104 3790 ὄψει
1159 3707 1598 3787 πλασάμενος,
1657 3710 1823 3772 vulto
1854 3711 2101 3792 finqem
2144 3711 2577 3794 ignorantiam,
2628 3737 2811 3802 prae-

423 3835 595 3885 terea
639 3821 890 3881 tentans
930 3813 976 3879 ά
995 3815 1028 3879 δ
1045 3830 1182 3890 ηλο
1199 3839 1230 3886 ς
1276 3825 1354 3896 τῇ
1402 3812 1539 3894 ὄψει
1577 3814 1795 3899 (vultu
1834 3815 2001 3881 nihil
2034 3817 2362 3905 prodens),
2407 3821 2811 3901 πλασάμενος

429 3927 542 4010 (sc.
591 3923 812 4006 αὐτὴν)
863 3919 1006 4000 πρὸς
1053 3920 1164 3995 τὴν
1213 3917 1572 4004 ξυμφοράν,
1621 3921 1939 3986 ἐκέλευσεν
1988 3923 2113 3987 κτὲ.
2164 3922 2573 4011 Interpretari
2612 3929 2816 3996 solent

423 4031 667 4106 ἀδήλως
728 4037 808 4109 τῇ
869 4024 1007 4108 ὄψει
1071 4026 1474 4102 πλασάμενος
1523 4031 1588 4093 in
1630 4027 1802 4094 hunc
1856 4027 2155 4094 modum:
2206 4035 2613 4110 πλασάμενος
2662 4034 2815 4102 οὕτω

426 4135 543 4207 ὥςε
613 4135 840 4210 ἄδηλος
903 4129 1060 4198 εἶναι
1121 4144 1198 4216 τῇ
1261 4133 1436 4218 ὄψει,
1501 4134 1572 4198 in
1633 4154 1759 4219 quo
1806 4134 2069 4200 fortasse
2116 4141 2213 4202 est
2258 4141 2814 4223 acquiescendum,

429 4241 526 4310 cf.
575 4243 894 4328 Kruegeri
937 4261 1218 4327 gramm.
1273 4239 1379 4305 66.
1435 4241 1497 4325 1,
1548 4239 1612 4305 9.

520 4349 610 4418 VI
671 4347 779 4426 60,
831 4345 890 4413 3.
959 4349 1162 4427 λέγων
1209 4349 1260 4412 δ’
1313 4347 1552 4413 ἔπεισεν
1600 4346 1791 4412 αὐτὸν
1834 4347 1911 4421 ὥς
1958 4349 2123 4433 χρή,
2172 4349 2223 4413 εἰ
2275 4351 2380 4427 μὴ
2428 4349 2566 4416 καὶ
2614 4351 2823 4432 δέδρα..

433 4481 568 4534 κεν,
642 4455 828 4520 αὑτόν
874 4480 946 4521 τε
995 4455 1212 4522 ἄδειαν
1257 4453 1821 4536 ποιησάμενον
1866 4461 2084 4521 σῶσαι.
2182 4455 2461 4526 Omnino
2498 4459 2821 4550 corrigen-
