3369 5142
1411 334 1752 387 munos.
2633 323 2766 393 27²7

395 506 599 587 ράςιόν
659 528 719 570 τι
782 510 1121 582 πεποιηκώς
1142 557 1159 586 ,
1227 510 1337 574 sed
1394 510 1639 586 dixerat
1683 510 2202 598 philosophorum
2249 510 2760 599 elegantissimus

394 612 601 695 ὅσΠερ
648 613 879 681 ἀςεῑό
894 640 923 678 ν
971 639 1031 679 τι
1078 616 1439 689 πεποιηκώς.

486 856 643 942 Pag.
716 854 860 921 113.
912 854 1033 923 32:
1098 858 1225 922 ἀνθ’
1276 854 1349 922 ὧν
1398 864 1431 935 ἡ
1482 860 1595 936 μὲν
1644 860 2061 934 διακονήσασα
2111 860 2216 926 καὶ
2262 862 2761 941 χειρουργήσασα

396 964 528 1044 ἔχει
589 963 670 1025 τοὶ
736 962 1025 1043 ἐπίχειρα
1084 959 1159 1027 ὧν
1220 962 1373 1039 ἀξία
1423 962 1524 1042 ἦν,
1578 966 1775 1051 [οὐδὲν
1823 968 1998 1032 αἰτία
2047 963 2228 1050 οὖσα]
2271 970 2354 1046 τῷ
2402 967 2528 1047 γὰρ
2575 969 2764 1043 δημο-

396 1073 559 1150 κοίνῳ
622 1072 1016 1148 τροχισθεῖσα
1077 1070 1415 1156 παρεδόθη,
1466 1074 1498 1147 ἦ
1548 1074 1609 1137 δὲ
1657 1075 1833 1137 αἰτία
1882 1098 1952 1137 τε
2003 1074 2160 1160 [ἤδη]
2213 1075 2315 1136 καὶ
2367 1073 2761 1150 ἐνθυμηθεῒσα

396 1172 553 1259 ἕξει,
598 1177 703 1239 ἐὰν
754 1177 927 1250 ὑμεῖς
974 1198 1043 1240 τε
1093 1176 1197 1239 καὶ
1248 1178 1297 1241 οἱ
1344 1179 1457 1240 θεοὶ
1509 1178 1773 1242 θέλωσιν.
1869 1178 2094 1244 Editor
2139 1179 2216 1242 de
2255 1176 2486 1244 Blassii
2523 1180 2766 1248 infelici

397 1286 754 1349 coniectura
799 1282 901 1346 καὶ
950 1284 1449 1361 χειρουργήσασα
1498 1286 1882 1369 transposuit
1927 1292 2068 1369 post
2108 1286 2526 1360 διακονήσασα
2564 1308 2766 1372 quum

397 1394 467 1455 in
533 1389 715 1455 libris
782 1396 951 1454 reete
1013 1395 1155 1474 post
1224 1390 1622 1465 ἐνθυμηθεῖσα
1684 1399 1848 1456 esset
1907 1390 2305 1456 collocatum.
2401 1388 2768 1459 concubina

398 1500 565 1562 enim
627 1496 721 1560 nil
779 1498 905 1561 nisi
951 1516 1267 1561 venenum
1325 1498 1394 1560 in
1433 1498 1659 1562 vinum
1707 1497 1944 1562 infudit
1984 1499 2189 1579 iisque
2235 1505 2604 1564 venenatam
2653 1521 2766 1587 po-

398 1606 637 1668 tionem
708 1602 1041 1668 bibendam
1120 1600 1327 1677 dedit,
1400 1602 1567 1686 quod
1634 1613 1732 1667 est
1800 1602 2110 1667 διακονεῖν.
2209 1602 2384 1669 Uxor
2452 1611 2516 1669 et
2577 1606 2770 1673 dandi

396 1712 625 1775 veneni
686 1708 1022 1774 consilium
1087 1713 1258 1794 cepit
1304 1708 1681 1793 (ἐνεθυμήθη)
1730 1710 1920 1795 idque
1965 1708 2098 1774 suis
2142 1711 2434 1776 manibus
2477 1713 2617 1796 ipsa
2661 1735 2768 1799 pa-

396 1818 564 1879 ravit
610 1814 1148 1901 (ἕχειρούργησεν).

489 1920 735 1987 Deinde
793 1922 996 1985 scribe
1058 1918 1193 2000 ἔχει
1256 1922 1726 2001 τάπίχειρα
1789 1916 1863 1984 ὧν
1925 1918 2078 1997 ἀξία
2138 1918 2240 2006 ἦν,
2287 1925 2368 2003 τῷ
2417 1924 2543 2006 γὰρ
2584 1925 2770 2003 δημο-

400 2027 566 2109 κοίνῳ
614 2030 1008 2107 τροχισθεῖσα
1055 2028 1350 2106 παρεδόθη
1399 2026 1624 2093 deletis
1676 2027 1890 2091 verbis
1940 2030 2352 2112 ineptissimis
2389 2030 2552 2095 οὐδὲν
2589 2033 2767 2098 αἰτία

398 2130 585 2214 οὗο-α,
656 2155 815 2220 quae
884 2139 948 2198 et
1013 2140 1303 2221 pugnant
1370 2155 1516 2199 cum
1581 2132 1865 2199 Oratoris
1924 2137 2235 2200 sententia
2294 2141 2359 2201 et
2419 2138 2770 2203 arctissime

397 2244 732 2307 coniuncta
777 2239 1156 2325 permoleste
1203 2240 1535 2305 dirimunt.

488 2346 822 2412 Praeterea
868 2366 1163 2434 expungo
1208 2344 1316 2420 ἤδη
1336 2394 1354 2424 ,
1402 2366 1561 2430 quae
1606 2348 1781 2411 notio
1826 2366 2082 2430 prorsus
2119 2348 2198 2413 ab
2236 2348 2353 2414 hoe
2391 2348 2528 2416 loco
2561 2352 2767 2418 aliena

398 2458 510 2518 est.
608 2450 717 2517 Sic
776 2455 987 2518 omnia
1056 2454 1299 2537 optime
1342 2452 1718 2537 procedunt:
1768 2455 1801 2525 ἦ
1848 2453 1964 2529 μὲν
2009 2453 2422 2528 Baunonia-acm
2469 2456 2606 2539 ἔχει
2653 2461 2767 2524 τά-

398 2560 653 2638 πίχειρα
699 2553 775 2622 ὧν
821 2556 972 2634 ἀξία
1022 2552 1129 2633 ἦν,
1178 2561 1212 2634 ἦ
1259 2558 1311 2624 δ’
1360 2560 1538 2623 αἰτία
1583 2538 1754 2634 ἷέἔξιει.ἱ

489 2800 646 2887 Pag.
700 2797 850 2866 113.
897 2800 1015 2865 40:
1068 2791 1354 2876 δεήσεται
1402 2801 1671 2880 ἀθέμιτα
1722 2803 1856 2888 [καὶ
1903 2803 2146 2895 ἀνόσια]
2189 2807 2294 2871 καὶ
2341 2808 2618 2878 ἀτέλεςα
2658 2811 2764 2877 καὶ

395 2907 703 2981 ἀνήκοντα
766 2908 869 2972 καὶ
937 2911 1085 2980 θεοῖς
1148 2907 1253 2972 καὶ
1304 2910 1468 2985 ὑμῖν.
1515 2907 1816 2994 Optimus
1861 2909 2022 2976 liber
2067 2913 2171 2978 καὶ
2221 2913 2435 2978 ἀνόσια
2484 2919 2770 2994 omittit,

393 3019 563 3080 reete
621 3019 695 3078 ut
762 3014 1058 3100 equidem
1120 3017 1359 3100 opinor.
1452 3014 1637 3080 Nihil
1694 3018 1862 3080 enim
1923 3020 2188 3084 interest
2246 3022 2414 3086 inter
2475 3021 2645 3101 θέμις
2705 3030 2772 3090 et

392 3121 569 3198 ὁσία,
630 3119 737 3186 sed
800 3120 1069 3197 ἀθέμιτα
1122 3120 1317 3185 habet
1360 3119 1431 3184 τὸ
1477 3121 1907 3200 ἀρχαιοπινές,
1954 3123 2122 3210 quod
2167 3131 2343 3191 amat
2399 3127 2768 3214 Antiphon,

390 3227 607 3292 ἀνόσια
652 3227 1107 3315 pervulgatum
1155 3225 1540 3292 vocabulum
1588 3232 1703 3294 est.

479 3333 633 3400 Post
687 3354 887 3419 pauca
932 3332 1203 3421 legitur:
1253 3334 1428 3411 ὑμεῖς
1472 3371 1555 3381 -
1598 3333 1651 3396 δ’
1701 3335 1798 3402 gez
1843 3335 2043 3413 βοηθοὶ
2086 3375 2169 3385 -
2205 3344 2322 3403 τῶν
2371 3341 2440 3404 ἐκ
2489 3344 2767 3418 προνοίας

390 3441 881 3513 ἀποθνησκόντων
931 3440 1036 3504 καὶ
1084 3443 1297 3504 ταῦτα
1346 3438 1455 3518 ὑφ’
1495 3435 1572 3504 ὧν
1611 3438 1768 3514 ἥκεις’
1807 3442 1994 3522 ἐχρῆν
2037 3443 2284 3528 [αὐτοὺς
2310 3445 2764 3535 ἀποθνήσκειν]

391 3545 741 3614 Graeculus
804 3547 873 3611 in
934 3547 1272 3612 tritissima
1329 3544 1646 3611 locutione
1705 3553 1939 3612 certam
1983 3558 2048 3614 et
2093 3556 2464 3636 perpetuam
2511 3552 2764 3640 ellipsin

388 3651 803 3739 frigidissime
865 3652 1164 3738 explevit.
1261 3651 1428 3732 Quid
1490 3656 1705 3717 notius
1751 3658 1847 3719 est
1890 3657 1958 3718 in
2006 3654 2124 3720 tali
2172 3677 2239 3724 re
2285 3678 2479 3743 quam
2530 3660 2638 3734 ὑφ’
2685 3659 2763 3726 ὧν

390 3757 549 3834 ἥκεις’
600 3761 781 3837 ἐχρῆν
835 3763 899 3823 et
942 3759 1103 3845 apud
1156 3759 1477 3826 Romanos
1515 3759 1673 3822 unde
1720 3760 1958 3824 minime
2001 3769 2258 3844 oportuit
2273 3763 2312 3826 ‚7
2356 3763 2586 3832 Paullo
2614 3775 2760 3836 ante

386 3869 556 3930 reete
598 3863 879 3951 legitur.-
924 3864 1108 3937 ἀθέως
1162 3903 1243 3914 -
1294 3865 1406 3946 ὑφ’
1455 3860 1529 3928 ὧν
1579 3863 1738 3941 ἤϋς’
1784 3867 1968 3945 ἐχρῆν
2014 3869 2116 3932 τὸν
2159 3868 2298 3946 βίον
2345 3869 2626 3938 ἐκλιπών.

481 4123 639 4210 Peg.
694 4123 845 4187 114.
896 4125 966 4186 2:
1018 4123 1194 4201 ὑμεῖς
1244 4121 1307 4188 δὲ
1357 4119 1514 4194 ὅπως
1564 4123 1762 4188 διδῶσι
1811 4122 1976 4197 δίκην
2022 4126 2072 4189 οἱ
2135 4125 2476 4198 ἀδικοῦντες
2540 4132 2754 4196 τούτου

384 4225 565 4294 ἕνεκα
624 4229 729 4294 καὶ
796 4229 1043 4298 Benace-al
1109 4227 1385 4305 ἐγένεσθε
1438 4227 1541 4293 καὶ
1598 4231 1914 4304 ἐκλήθητε.
2006 4229 2252 4297 Haereo
2313 4233 2382 4296 in
2429 4235 2757 4315 ἐκλήθητε,

384 4335 551 4420 quod
594 4335 669 4400 de
713 4336 1033 4402 iudieibus
1078 4335 1441 4400 inauditum
1488 4343 1615 4400 est:
1666 4343 1861 4401 testes
1900 4341 2234 4402 καλοῦνται
2277 4339 2591 4425 (citantur)
2628 4361 2756 4409 non

382 4441 645 4507 iudices.
738 4441 1025 4508 Fortasse
1072 4461 1201 4506 una
1246 4439 1497 4527 syllaba
1542 4443 1738 4527 periit
1785 4447 1850 4506 et
1896 4463 2120 4508 verum
2169 4449 2264 4509 est
2308 4445 2416 4508 καὶ
2455 4445 2758 4522 &zaupo-

2883 2777 3196 2892 42.)-
