3369 5142
1310 344 1730 397 mawornmns.
2568 327 2698 397 443

414 517 775 585 Multorum
844 516 1423 585 additamentorum
1494 518 1692 583 simul
1760 518 2075 604 originem
2143 518 2356 585 vides:
2429 522 2482 584 si
2555 520 2708 605 quid

328 625 495 708 apud
556 622 1001 709 Thucydidem
1053 622 1181 687 alio
1225 622 1365 689 loco
1412 622 1489 687 de
1535 623 1756 696 eadem
1803 644 1871 688 re
1916 625 2222 709 scriptum
2271 629 2366 689 est
2411 620 2709 691 Graeculi

329 730 549 795 sedulo
622 735 923 795 annotant
990 732 1057 793 in
1126 731 1417 816 margine
1434 776 1448 805 ,
1524 728 1694 794 unde
1755 729 1940 794 facile
1999 732 2065 793 in
2123 734 2376 795 textum
2423 731 2712 815 irrepunt

328 844 440 903 aut
507 836 665 921 ipsis
736 838 1015 901 auctoris
1074 837 1287 899 verbis
1348 840 1461 901 aut
1525 833 1605 899 ad
1660 842 2052 921 praesentem
2096 834 2308 903 locum
2357 842 2710 923 utcumque

324 942 823 1011 accommodatis
841 992 857 1017 ‚
904 948 979 1007 ut
1024 944 1143 1007 hoc
1185 940 1327 1007 loco
1372 941 1616 1007 factum
1664 946 1780 1007 est.

421 1157 713 1243 Thucyd.
764 1155 879 1221 IV.
930 1154 1038 1219 23.
1086 1154 1473 1233 ἀφικομένων
1522 1155 1574 1219 δ’
1622 1156 1824 1220 αὐτῶν
1872 1152 2176 1221 διελύοντο
2217 1157 2388 1229 εὐθὺς
2427 1158 2495 1222 αἱ
2517 1180 2703 1223 σπον-

332 1264 456 1330 δαί.
518 1262 814 1349 Ineptum
877 1266 973 1327 est
1031 1260 1477 1345 imperfectum
1546 1281 1657 1347 pro
1711 1259 2330 1346 plusquamperfecto
2399 1267 2463 1329 et
2531 1284 2707 1348 praee-

332 1369 563 1457 positio
626 1377 715 1432 ΔΙ
779 1368 1011 1433 vitiose
1072 1365 1376 1434 abundat.
1470 1367 1866 1452 Perpetuam
1913 1372 2010 1434 est
2053 1369 2120 1433 in
2162 1388 2236 1435 eo
2280 1388 2348 1434 re
2393 1372 2460 1435 et
2493 1389 2706 1435 neces-

330 1478 570 1542 sarium
632 1476 1131 1537 ἘΛΕΛΤΝΤΟ
1199 1472 1370 1543 εὐθὺς
1422 1474 1489 1537 αἱ
1537 1472 1809 1538 σπονδαί.
1863 1478 1938 1537 ut
1984 1494 2117 1559 cap.
2173 1472 2274 1539 16.
2326 1476 2388 1539 2.
2437 1471 2504 1553 ὅ,
2554 1499 2612 1539 τι
2654 1475 2706 1538 δ’

328 1581 405 1647 ἂν
461 1580 687 1645 τούτων
742 1580 1176 1659 παραβαίνωσι
1228 1616 1307 1627 -—
1360 1580 1655 1645 λελύσθαι
1704 1578 1820 1650 τὰς
1870 1578 2160 1649 σπονδάς.
2207 1584 2271 1645 et
2316 1584 2460 1665 post
2505 1600 2708 1665 pauca

332 1691 607 1755 iterum:
657 1684 944 1751 ἐλθόντων
990 1684 1054 1749 δὲ
1100 1683 1217 1755 τὰς
1266 1684 1531 1755 σπονδὰς
1581 1683 1910 1761 λελύσθαι,
1955 1689 2018 1749 et
2057 1706 2191 1770 cap.
2237 1682 2322 1749 23
2362 1685 2556 1767 εἴρητο
2597 1684 2706 1751 ἐὰν

328 1793 433 1860 καὶ
482 1794 677 1859 ὁτιοῦν
724 1791 1070 1872 παραβαθῇ
1118 1790 1414 1857 λελύσθαι
1463 1790 1581 1861 τὰς
1628 1788 1920 1861 σπονδάς.

419 1898 661 1965 Eodem
722 1897 913 1962 modo
972 1917 1193 1962 omnes
1255 1900 1613 1962 constanter
1669 1896 1963 1961 dicebant
2021 1896 2190 1961 λύειν
2239 1896 2350 1969 τὰς
2402 1895 2665 1971 σπονδάς
2683 1944 2702 1977 ,

330 2028 455 2071 non
511 2002 799 2070 διαλύειν.
870 2002 925 2067 Ι.
995 2000 1097 2067 53.
1159 2002 1429 2065 ἀδικεῖτε
1482 2040 1563 2050 -
1616 2000 1888 2078 πολέμου
1935 1999 2232 2083 ἄρχοντες
2285 2002 2388 2067 καὶ
2437 2002 2705 2077 σπονδὰς

331 2111 576 2182 λύοντες
596 2158 615 2194 ,
662 2114 725 2174 et
770 2111 861 2174 sic
908 2110 1167 2193 passim.

420 2321 711 2407 Thucyd.
762 2320 877 2384 IV.
929 2318 1037 2384 23.
1086 2322 1147 2385 2.
1191 2321 1495 2393 Ἀθηναῖοι
1540 2319 1654 2397 μὲν
1700 2320 1859 2385 δυοῖν
1903 2328 2054 2387 νεοῖν
2101 2358 2188 2371 -——
2227 2323 2337 2397 τὴν
2383 2328 2577 2399 νῆσον,
2599 2344 2708 2387 πε-

332 2429 675 2510 ριπλέοντες
749 2435 861 2501 τῆς
934 2426 1199 2506 ἡμέρας,
1272 2434 1381 2500 τῆς
1444 2424 1507 2491 δὲ
1573 2424 1786 2497 νυκτὸς
1845 2427 1950 2493 καὶ
2001 2422 2272 2495 doraum
2322 2427 2709 2509 περιώρμουν.

331 2534 470 2602 Imo
529 2554 678 2600 vero
738 2531 1099 2611 ἁπασΑΙΟ,
1163 2552 1391 2618 nempe
1438 2533 1489 2597 01
1534 2531 1860 2606 Ἀθηναῖοι.
1909 2530 2006 2600 Of.
2056 2532 2208 2598 VII.
2267 2533 2372 2600 13.
2420 2535 2710 2614 αναγκα-

332 2641 567 2723 ζόμενοι
638 2677 723 2690 --
794 2639 1031 2710 πάσαις
1094 2637 1465 2718 φυλάσσειν.
1529 2643 1593 2704 et
1655 2636 1824 2706 VIII.
1893 2639 2000 2704 36.
2047 2649 2188 2712 ταῖς
2239 2642 2548 2716 ἧμισείαις
2593 2647 2710 2710 τῶν

333 2755 468 2811 νεῶν
517 2745 724 2809 Κνίδον
769 2746 1143 2823 Φυλάσσειν.
1213 2743 1290 2808 In
1335 2745 1499 2810 libro
1549 2745 1724 2812 VIII.
1771 2745 1833 2810 8.
1877 2745 2184 2826 διαφέρειν
2221 2745 2284 2810 δὲ
2321 2747 2424 2812 τὸν
2465 2745 2709 2826 Ἰσθμὸν

328 2853 445 2925 τὰς
509 2851 794 2929 ἡμισείας
857 2857 975 2916 τῶν
1029 2857 1164 2915 νεῶν
1215 2858 1443 2928 πρῶτον
1490 2852 1593 2916 καὶ
1642 2851 1816 2922 εὐθὺς
1861 2849 2136 2916 vada-AC
2183 2853 2526 2928 ὥποπλεῖν,
2576 2875 2705 2920 cor-

326 2957 667 3046 rigendum
712 2955 1045 3023 ταύτΛῙΟ.

416 3170 707 3256 Thucyd.
782 3165 887 3233 IV.
960 3165 1069 3234 23.
1135 3167 1197 3232 2.
1267 3170 1728 3244 Πελοποννήσιοι
1795 3169 1849 3234 δ’
1909 3171 1969 3234 ἐν
2020 3178 2098 3249 τῇ
2147 3170 2365 3249 ἠπείρῳ
2405 3193 2706 3247 ςρατοπε-

334 3276 655 3352 δευόμενοι.
743 3273 885 3340 Non
948 3274 1139 3340 audet
1195 3274 1581 3340 Herwerden
1644 3275 1984 3342 rescribere
2047 3276 2707 3356 Ἐςρατοπεδθτμένοι

332 3433 365 3462 ‚,
388 3383 496 3449 sed
561 3379 1113 3460 ςρατοπεδεύεσθαι
1164 3403 1279 3462 pro
1336 3380 1884 3457 ἐςρατοπεδεῦσθαι
1935 3381 2059 3444 diei
2099 3382 2360 3463 potuisse
2390 3405 2586 3466 patene
2627 3388 2705 3464 fi-

329 3491 456 3552 dem
508 3488 681 3570 facit
745 3487 1141 3570 exemplorum
1208 3485 1537 3550 numerus?
1625 3485 1748 3551 Sed
1810 3484 1990 3551 nulla
2048 3485 2482 3572 exemplorum
2527 3493 2708 3575 copia

330 3613 639 3677 umquam
708 3593 947 3658 efficere
1016 3594 1249 3678 poterit
1314 3598 1387 3656 ut
1456 3591 1621 3676 quod
1691 3589 1824 3656 fieri
1887 3613 2010 3656 non
2070 3593 2270 3676 possit
2313 3601 2526 3662 tamen
2575 3619 2708 3664 esse

330 3703 573 3766 factum
632 3698 940 3764 videatur.
1036 3698 1312 3764 Librarii
1382 3697 1495 3764 ubi
1557 3697 1755 3762 semel
1816 3718 2084 3764 errorem
2144 3700 2538 3769 imbiberunt
2573 3703 2708 3770 sine

330 3805 453 3871 fine
516 3809 743 3870 errant.
837 3804 929 3869 Ut
986 3804 1210 3869 Latine
1258 3803 1555 3868 differunt
1601 3812 1794 3866 caetra
1821 3825 2046 3886 ponere
2090 3805 2354 3886 (metari)
2400 3813 2466 3872 et
2507 3819 2706 3874 caetra

328 3913 539 3976 habere
586 3917 679 3990 (in
726 3917 939 3974 castris
983 3915 1149 3989 esse),
1196 3931 1355 3994 quae
1396 3929 1583 3973 nemo
1619 3929 1928 3992 umquam
1956 3909 2327 3994 confundet,
2353 3912 2442 3976 sic
2468 3909 2710 3982 Graece

333 4015 883 4098 ςρατοπεδεύεσθαι
933 4023 999 4082 et
1045 4015 1615 4094 ἐςρατοπεδεῦσθαι.

429 4225 717 4312 Thucyd.
780 4225 900 4290 IV.
952 4225 1059 4290 24.
1112 4223 1175 4290 3.
1224 4225 1465 4303 ὁρῶντες
1506 4233 1631 4296 τοῖς
1690 4223 2024 4298 ’Δθηναίοις
2071 4226 2190 4296 τὰς
2239 4227 2352 4304 μὲν
2397 4227 2710 4311 παρούσας

340 4333 563 4408 ὀλίγας
634 4335 820 4403 ναῦς,
884 4339 1023 4402 ταῖς
1090 4329 1152 4395 δὲ
1200 4332 1435 4394 πλείοσι
1490 4367 1575 4378 -
1624 4329 2054 4406 πυνθανόμενοι
2105 4333 2214 4406 τὴν
2262 4339 2434 4407 νῆσον
2481 4348 2714 4412 πολιορ-

339 4441 595 4502 κεῖσθαι.
646 4435 1061 4504 Herwerden:
1116 4484 1152 4515 ‚‚
1170 4435 1396 4513 ὀλίγας
1447 4443 1533 4502 est
1560 4436 2096 4519 praodieacivum.'’
2143 4437 2314 4504 Fieni
2355 4459 2478 4510 non
2514 4445 2722 4525 potest
