3369 5142
589 337 676 409 82
1579 342 2003 415 rnuornmm.

591 535 892 603 modum:
950 540 1068 600 τῶν
1113 536 1178 602 δὲ
1225 536 1598 615 Κορκυραίων
1642 530 1806 601 ὅσΟῐ
1854 534 2241 611 {minemo-AN
2288 532 2701 614 άνεβδησΑΝ.
2774 528 2977 597 Pauci

592 648 848 709 tantum
896 644 1089 710 verba
1131 644 1490 730 legatorum
1539 645 1608 709 in
1655 642 1891 728 scapha
1937 641 2015 708 ad
2062 642 2545 707 Atheniensium
2588 659 2783 707 naves
2822 639 2979 703 mis·

591 770 807 815 sorum
854 747 1156 815 exaudire
1201 753 1514 835 poterant.

679 961 970 1049 Thucyd.
1036 960 1086 1025 Ι.
1155 959 1262 1026 54.
1311 961 1362 1025 οἱ
1411 960 1525 1039 μὲν
1571 959 1849 1044 Κορίνθιοι
1899 997 1981 1010 -
2028 969 2315 1040 τροπαῖον
2360 956 2627 1042 ἔστησαν,
2678 994 2761 1007 -
2812 958 2862 1023 οἰ
2908 956 2970 1022 zi

587 1074 934 1148 Κορκυραῖοι
993 1103 1078 1118 -
1137 1073 1418 1145 τροπαῖον
1491 1066 1842 1141 duris-nean
1888 1102 1976 1117 --
2021 1066 2237 1149 γνώμῃ
2305 1065 2359 1131 δ’
2428 1064 2698 1146 ἑκάτεροι
2764 1062 2968 1147 τοιᾷδε

585 1176 695 1248 τὴν
762 1174 928 1247 νίκην
984 1174 1522 1252 προσεποιήσαντο.
1615 1172 1863 1239 Deinde
1924 1177 2304 1260 argumenta
2363 1176 2694 1238 enumerat
2739 1170 2969 1256 quibus

587 1281 842 1364 utrique
887 1278 1263 1344 utebantur:
1313 1277 1590 1357 Κορίνθιοι
1640 1278 1756 1356 μὲν
1800 1280 1904 1363 (ὦς
1954 1278 2197 1363 addidi)
2244 1280 2665 1358 κρατήσαντες
2710 1286 2789 1359 τῇ
2830 1299 2971 1341 ναυ-

588 1384 808 1468 μαχίᾳ
859 1421 942 1433 -
993 1384 1096 1449 καὶ
1160 1382 1410 1473 ἄνδρας.
1449 1382 1700 1463 ἔχοντες
1749 1384 2197 1464 αἰχμαλώτους
2250 1420 2329 1433 ——
2380 1388 2527 1457 ναῦς
2577 1406 2647 1447 τε
2695 1380 2969 1448 καταδύ-

586 1514 830 1560 σαντες.
880 1487 1078 1556 Recte
1121 1496 1186 1555 et
1225 1489 1444 1555 ordine
1482 1489 1829 1575 procedunt
1852 1492 2101 1576 omnia,
2126 1490 2235 1555 sed
2258 1490 2492 1575 ineptis
2516 1488 2968 1556 additamentis

583 1598 916 1681 inquinata
973 1600 1123 1661 sunt
1183 1615 1258 1661 ea
1320 1615 1481 1681 quae
1541 1601 1912 1681 sequuntur.
2007 1602 2354 1677 Κορκυραῖοι
2402 1595 2467 1661 δὲ
2510 1598 2587 1668 ὥς
2637 1595 2967 1675 τριάκοντα

587 1707 731 1776 ναῦς
781 1700 1033 1780 μάλιστα
1081 1702 1545 1783 διαφθείραντες
1595 1701 1699 1766 καί
1754 1700 1990 1787 [mah
2036 1699 2345 1776 Ἀθηναῖοι
2388 1696 2592 1787 ἦλθον]
2618 1702 2972 1779 α’νελόμενοι

585 1809 670 1874 τὰ
720 1807 892 1873 κατὰ
937 1810 1113 1889 σφοῖς
1157 1808 1382 1878 αὐτοὺς
1431 1806 1709 1885 ναυάγια
1758 1808 1864 1871 καὶ
1913 1807 2146 1888 νεκροὺς
2197 1807 2299 1872 καὶ
2349 1802 2441 1872 ὅτι
2488 1808 2699 1880 αὐτοῖς
2763 1816 2841 1888 τῇ
2898 1831 2967 1872 τε

589 1913 919 1998 προτεραίᾳ
965 1912 1248 1995 πρύμναν
1297 1911 1633 1993 κρουόμενοι
1683 1912 2091 1994 ὑπεχώρησαν
2140 1914 2191 1978 οἱ
2242 1914 2518 1993 Κορίνθιοι
2556 1911 2811 1998 [ἰδόντες
2850 1912 2972 1984 τὰς

590 2020 890 2092 Ἀττικὰς
961 2020 1141 2103 ναῦς]
1203 2019 1308 2083 καὶ
1373 2017 1613 2105 [ἐπειδὴ
1677 2015 1853 2093 ἦλθον
1913 2019 1963 2083 οἰ
2011 2020 2342 2105 Ἀθηναῖοι]
2392 2021 2500 2085 οὐκ
2548 2018 2968 2085 άντεπὲπλεον

586 2127 655 2191 ἐκ
717 2132 833 2191 τῶν
896 2121 1212 2203 Συβότων.
1306 2123 1618 2204 Quoniam
1679 2123 1835 2189 haec
1898 2144 1975 2189 ex
2029 2121 2516 2211 Corcyrensium
2560 2144 2826 2211 persona
2869 2125 2971 2190 di-

589 2236 822 2299 cuntur
866 2235 1126 2317 apparet
1168 2231 1386 2315 spuria
1430 2249 1564 2295 esse
1601 2249 1764 2315 quae
1802 2230 2053 2294 uncinis
2089 2228 2499 2305 inclusimus,
2540 2231 2691 2315 quia
2707 2232 2970 2297 ‘faciunt

589 2338 669 2407 ad
731 2336 1245 2403 imminuendam
1299 2334 1564 2400 laudem
1626 2332 2153 2421 corcyrensium:
2200 2336 2509 2401 ἀνείλοντο
2554 2337 2639 2403 τὰ
2686 2336 2967 2415 ναυάγια

588 2444 693 2511 καὶ
740 2442 881 2513 τοὺς
929 2441 1202 2522 νεκρούς,
1252 2442 1364 2508 sed
1411 2441 1617 2516 ἐπειδὴ
1663 2440 1969 2515 Ἀθηναῖοι
2018 2438 2191 2516 ἦλθον
2238 2462 2362 2507 uon
2410 2463 2526 2508 sua
2571 2444 2811 2510 virtute
2858 2443 2969 2510 sed

585 2549 1078 2618 Atheniensium
1149 2546 1426 2614 auxilio:
1498 2542 1817 2613 Corinthii
1877 2548 1959 2614 iis
2018 2552 2338 2614 cesserunt
2400 2548 2511 2615 sed
2574 2546 2802 2624 ἰδόντες
2849 2550 2966 2624 τὰς

587 2657 891 2728 Ἀττικὰς
936 2660 1120 2734 ναῦς;
1170 2653 1487 2720 Corinthii
1533 2654 1639 2718 οὐκ
1688 2652 2144 2732 άντεπέπλεον,
2186 2655 2295 2720 sed
2336 2656 2543 2731 ἐπειδὴ
2584 2657 2635 2721 οἰ
2666 2656 2966 2731 Ἀθηναῖοι

585 2762 783 2840 ἦλθον.
849 2760 1266 2848 Corcyrenses
1311 2760 1516 2846 igitur
1560 2758 1717 2824 haec
1764 2757 1992 2825 callide
2040 2759 2629 2840 dissimulaverant,
2680 2762 2791 2829 sed
2841 2762 2967 2830 lec-

585 2877 687 2936 tor
723 2870 935 2935 nescio
971 2869 1112 2952 quis
1149 2885 1224 2931 ea
1259 2885 1338 2930 ex
1377 2864 1797 2950 descriptione
1834 2865 2061 2952 proelii
2100 2886 2231 2953 cap.
2264 2865 2349 2932 49
2374 2888 2511 2953 sqq.
2564 2869 2633 2933 in
2678 2871 2971 2958 margine

584 2975 938 3060 adscripsit.

672 3082 813 3147 Iam
877 3078 1041 3145 mihi
1099 3077 1243 3143 vide
1300 3082 1536 3162 quanto
1584 3098 1769 3162 opere
1815 3083 2031 3146 textus
2078 3078 2479 3166 Thucydidei
2528 3083 2731 3166 operis
2776 3082 2844 3147 in
2888 3079 2967 3148 li-

583 3189 713 3253 bris
762 3205 918 3270 quos
959 3184 1272 3250 habemus
1308 3182 1532 3249 alienis
1572 3183 2023 3251 additamentis
2060 3188 2148 3250 sit
2184 3187 2675 3252 contaminatus.
2721 3185 2796 3253 In
2838 3206 2966 3254 uno

577 3293 787 3378 capite
832 3290 918 3355 44
962 3291 1119 3356 haec
1163 3288 1757 3371 παρεμβεβλημὲνα
1802 3293 2223 3377 reperiuntur.

1304 3395 1381 3468 ὥς
1432 3393 1827 3468 νενικηκότες.

1299 3497 1529 3577 &noar
1572 3508 1881 3580 τροπαῖον.

1307 3604 1511 3681 ἐπειδὴ
1563 3603 1869 3680 Ἀθηναῖοι
1918 3601 2111 3681 ἦλθον.

1307 3709 1536 3784 ἰδόντες
1583 3712 1704 3786 τὰς
1754 3710 2059 3787 Ἀττικὰς
2106 3716 2278 3788 ναῦς.

1311 3816 1517 3891 ἐπειδὴ
1566 3811 1740 3892 ἦλθον
1784 3817 1837 3883 οἰ
1893 3815 2217 3892 Ἀθηναῖοι.

1313 3921 1415 3988 διὰ
1461 3925 1672 3987 ταῦτα
1720 3931 2005 4003 τροπαῖον
2053 3920 2303 4000 lenem«.

675 4031 820 4098 Non
881 4028 1105 4095 dubito
1150 4028 1283 4093 fore
1327 4027 1658 4114 plerosque
1702 4032 1816 4114 qui
1857 4031 1926 4095 in
1972 4032 2263 4097 animum
2306 4039 2623 4119 nequeant
2669 4033 2967 4102 inducere

585 4139 782 4207 libros
837 4133 1282 4221 Thucydideos
1343 4133 1423 4200 ad
1483 4134 1652 4200 hunc
1699 4134 1964 4200 modum
2015 4157 2149 4202 esse
2193 4138 2617 4223 interpolatos.
2714 4137 2808 4204 Hi
2855 4160 2965 4206 au·

585 4247 765 4312 diant
823 4241 990 4308 mihi
1052 4237 1372 4306 Galenum
1417 4239 1597 4306 Tom.
1649 4239 1856 4306 XVII.
1908 4241 1985 4306 A.
2028 4262 2177 4330 pag.
2228 4241 2360 4308 634
2408 4245 2501 4309 ita
2545 4245 2964 4311 scribentemz

582 4351 762 4425 δῆλον
811 4343 900 4413 ὅτι
949 4342 1527 4425 παρεγγέγραπται
1573 4351 1753 4410 τοῦτο
1802 4345 1945 4425 πρός
1994 4371 2148 4419 τινος
2197 4350 2317 4428 οὐχ
2364 4348 2474 4431 ὑφ’
2521 4351 2962 4430 Ἱπποκράτους

591 4457 1005 4537 remanat·
1056 4450 1243 4530 τάχα
1288 4449 1354 4516 δέ
1401 4472 1494 4525 τις
1545 4451 1650 4516 καί
1699 4450 2128 4538 προσέγραψεν
2166 4452 2363 4522 ἕνεκεν
2398 4457 2638 4536 ἑαυτοῦ,
2684 4457 2965 4542 καθάπερ
