3369 5142
1343 370 1729 422 comooauu.
2646 348 2728 418 31

799 546 885 617 eit,-
929 548 1040 620 τὴν
1088 543 1342 623 μέλην
1389 564 1490 609 νυν
1537 542 1836 623 ἔγχεον
1878 542 1989 617 την
2035 541 2311 626 μείζονα.

344 645 648 714 Ceterum
710 651 766 715 si
826 652 1225 718 Pherecratis
1298 651 1478 716 bonis
1536 649 1649 716 alii
1713 651 1815 714 usi
1875 655 2057 727 sunt,
2116 671 2241 716 non
2288 651 2515 717 habuit
2562 652 2731 737 quod

341 761 827 840 conquereretur
849 807 864 834 ,
913 761 1036 824 nisi
1083 757 1423 822 fortuitum
1469 755 1794 821 videbitur
1812 805 1829 840 ,
1880 756 2047 841 quod
2096 758 2231 842 ipse
2277 762 2375 822 ter
2419 759 2733 842 reperitur

343 861 424 926 ad
483 863 753 926 verbum
813 866 1106 929 imitatus
1167 864 1362 928 fuisse
1422 861 1913 947 Aristophanem
1932 911 1950 945 ,
2016 862 2093 928 cf.
2158 859 2375 928 Cobet.
2430 864 2509 928 ad
2557 862 2725 930 Plat.

343 987 505 1034 com.
555 988 616 1053 p.
669 965 774 1032 64.

433 1177 779 1246 Contendit
848 1180 1209 1246 Meinekius
1275 1183 1342 1246 in
1413 1169 1705 1246 Historia
1773 1179 2011 1247 Oritica
2070 1203 2130 1266 p.
2200 1179 2286 1248 67
2333 1182 2730 1248 Pher-seratis

344 1287 688 1350 orationem
751 1287 906 1352 satis
965 1286 1179 1352 multa
1239 1286 1470 1353 habere
1490 1336 1509 1369 ,
1574 1306 1735 1371 quae
1794 1307 1831 1352 a
1876 1286 2269 1372 reliquorum
2316 1289 2455 1353 eius
2502 1291 2731 1354 aetatis

343 1389 732 1455 comicorum
794 1393 862 1454 in
927 1390 1188 1458 dicendo
1249 1393 1590 1457 severitate
1651 1393 1966 1457 recedant.
2060 1393 2244 1459 Mera
2288 1413 2363 1459 ea
2408 1391 2731 1460 calumnia

343 1500 477 1580 est,
551 1495 718 1580 quod
787 1499 1147 1582 apparebit,
1197 1500 1252 1563 si
1324 1499 1467 1583 quis
1529 1517 1604 1562 ea
1671 1517 1831 1582 quae
1891 1497 2259 1564 Meinekius
2314 1498 2493 1564 affert
2538 1498 2730 1584 paulo

346 1603 702 1667 accuratius
749 1604 1110 1668 examinare
1159 1602 1352 1670 volet.
1400 1602 1767 1668 Pherecrati
1812 1603 1992 1668 verbi
2040 1625 2229 1671 causa
2282 1605 2506 1690 quidni
2542 1604 2731 1670 licuit

347 1707 793 1785 τραπέμπαλιν
831 1707 1174 1794 usurpare?
1221 1709 1444 1794 quidni
1486 1709 1901 1788 μαγείραιναν
1940 1715 2003 1774 et
2043 1707 2555 1788 ἰχθυοπώλαιναν
2592 1713 2730 1776 ioco

346 1810 620 1899 fingere?
683 1813 956 1899 Reliqua
1003 1816 1270 1878 crimina
1314 1833 1440 1880 non
1488 1817 1703 1878 minus
1748 1813 1965 1879 sutilia
2010 1821 2159 1880 sunt
2206 1835 2399 1900 quam
2450 1836 2524 1882 ea
2570 1837 2731 1900 quae

348 1918 710 1985 Meinekius
743 1921 814 1983 in
859 1919 1126 1985 Platone
1173 1917 1431 1985 Comico
1478 1922 1729 2007 arguit3
1780 1919 1889 1986 sed
1934 1920 2039 1985 hic
2086 1921 2344 2005 quidem
2392 1923 2727 2009 egregium

346 2030 682 2109 patronum
722 2029 946 2092 nactus
985 2031 1112 2109 est,
1152 2025 1550 2091 Pherecratis
1589 2045 1779 2091 causa
1806 2029 2005 2112 jacet:
2045 2045 2233 2094 nemo
2256 2030 2429 2093 enim
2455 2031 2731 2094 surrexit

353 2131 464 2216 qui
507 2133 933 2196 innocentiam
980 2137 1202 2215 poetae
1249 2135 1570 2208 tueretur,
1619 2150 2010 2215 quamquam
2046 2153 2125 2198 ne
2164 2131 2446 2220 intelligi
2470 2133 2727 2218 quidem

347 2243 554 2321 potest
573 2285 591 2319 ,
663 2236 980 2302 undenam
1047 2236 1320 2302 labentis
1383 2233 1767 2302 Graecitatis
1823 2236 2059 2303 indicia
2120 2258 2193 2302 ea
2253 2241 2477 2323 utique
2524 2245 2731 2304 aetate

347 2346 620 2427 irrepere
689 2345 1026 2428 potuerint.
1123 2342 1342 2407 Unum
1407 2349 1576 2407 certe
1644 2341 1887 2407 crimen
1950 2343 2190 2410 diluere
2252 2345 2549 2429 perfacile
2611 2351 2726 2410 est.

349 2447 495 2513 Non
558 2454 654 2514 est
716 2469 840 2514 uno
900 2451 1156 2514 nomine
1201 2447 1576 2514 mendosum
1626 2447 1793 2532 quod
1844 2470 1878 2513 e
1925 2449 2301 2516 Pherecrate
2348 2449 2525 2516 affert
2569 2449 2727 2536 Ety-

348 2553 644 2641 mologus
691 2553 783 2621 M.
830 2576 892 2641 p.
941 2552 1095 2620 243.
1145 2553 1262 2620 24:

845 2663 922 2733 ὥς
969 2659 1199 2726 ἄτοπόν
1245 2660 1336 2727 iet
1383 2659 1596 2738 μητέρ’
1645 2655 1799 2725 εἶναι
1851 2662 1955 2725 καὶ
2007 2662 2215 2740 γυνῆν.

349 2765 546 2833 Mitto
609 2766 940 2833 barbaram
987 2767 1258 2832 sormam
1309 2768 1526 2843 γυνήν,
1577 2785 1771 2851 quam
1818 2767 2047 2832 itidem
2099 2787 2176 2832 ex
2222 2767 2445 2833 eodem
2492 2772 2729 2834 sumsit

349 2871 789 2939 Antiatticista
845 2895 908 2958 p.
975 2870 1081 2937 86.
1153 2872 1269 2950 12,
1317 2872 1428 2938 sed
1476 2872 1780 2939 vidistine
1830 2892 2135 2958 umquam
2184 2876 2564 2939 sententiam
2613 2877 2727 2941 ab·

350 2976 746 3045 surdiorem?
792 2978 936 3043 Non
981 2986 1078 3043 est
1124 2977 1470 3044 admodum
1519 2977 1781 3056 ἄτοπον,
1833 2982 1933 3044 uti
1972 2980 2269 3059 arbitror,
2310 2986 2549 3047 matres
2588 3001 2729 3045 mu-

350 3084 535 3150 lieres
581 3106 734 3150 esse.
782 3081 906 3149 Sed
955 3084 1302 3149 molestum
1351 3090 1446 3149 est
1491 3106 1775 3167 sponsae,
1823 3086 1879 3149 si
1926 3091 2071 3151 ante
2114 3087 2373 3171 nuptias
2418 3088 2733 3172 peperisse

348 3190 772 3277 intelligitur:

812 3300 888 3367 ὥς
937 3294 1172 3360 ἄτοπόν
1221 3296 1308 3363 ἐςι
1365 3294 1577 3373 μητέρ’
1626 3292 1780 3361 εἶναι
1828 3296 1935 3361 καὶ
1984 3294 2261 3375 κόρην.,

351 3421 476 3486 quo
515 3422 700 3467 sensu
741 3403 920 3467 verbi
961 3422 1150 3466 causa
1177 3400 1626 3485 Theopompus
1651 3400 1821 3479 κόρην
1846 3400 2152 3487 apellavit
2176 3422 2277 3487 ap.
2307 3402 2441 3467 Mk.
2472 3424 2533 3487 p.
2564 3403 2725 3472 797:

1281 3506 1434 3585 Φέρε
1481 3506 1558 3569 σὺ
1605 3508 1692 3571 τα
1743 3508 2235 3589 καταχύσματα

714 3613 960 3693 ταχέως
1007 3612 1285 3691 κατάχει
1334 3616 1440 3677 τοῦ
1489 3614 1755 3690 νυμφίου
1802 3614 1907 3678 καὶ
1956 3621 2065 3688 τῆς
2116 3614 2363 3692 κόρης.

353 3718 534 3800 Quod
596 3721 957 3787 observavit
1017 3718 1380 3784 Meinekius
1437 3739 1500 3803 p.
1551 3718 1706 3803 834,
1754 3719 2141 3806 Byzantinos
2188 3722 2523 3805 scriptores
2566 3721 2735 3785 haud

349 3846 490 3893 raro
553 3812 856 3892 mulieres
917 3832 1112 3903 γυνας
1136 3874 1152 3901 ,
1219 3824 1460 3908 dicere,
1509 3824 1675 3890 nihil
1722 3826 1842 3891 hoc
1890 3828 1967 3891 ad
2012 3826 2457 3892 Pherecratem
2506 3828 2613 3894 vel
2656 3828 2737 3893 ad

349 3951 736 4017 quemquam
784 3931 986 3996 alium
1034 3927 1452 4009 αττικίζοντα.
1525 3929 1646 3995 Sed
1695 3936 2017 4015 praeterea
2062 3931 2362 3997 laudatur
2405 3931 2737 3999 Menandri

348 4035 734 4114 versiculus,
806 4038 862 4101 si
923 4036 1182 4121 quidem
1235 4034 1573 4102 Menandri
1620 4042 1749 4110 est,
1798 4057 1949 4101 nam
1994 4039 2061 4103 in
2114 4036 2457 4104 Oxoniensi
2502 4035 2737 4107 Codice

349 4142 517 4229 apud
563 4140 940 4208 Cramerum
985 4142 1410 4207 Mimnermus
1457 4143 1548 4207 sic
1597 4141 1833 4207 dixisse
1878 4142 2271 4229 perhibetur:

759 4244 801 4312 ὦ
851 4253 970 4313 Ζεῦ
1019 4247 1426 4323 πολυτίμηθ’,
1474 4248 1553 4318 ὥς
1602 4248 1797 4311 καλαὶ
1847 4251 1957 4328 νῷν
2002 4250 2069 4314 αἱ
2120 4251 2326 4327 γυναί.

354 4350 612 4419 Serione
657 4355 802 4437 quis
849 4353 1061 4419 credet
1103 4354 1418 4419 comicum
1462 4359 1715 4437 poetam
1758 4354 2083 4421 induxisse
2122 4355 2279 4421 duos
2302 4358 2737 4433 Athenienses,

354 4462 464 4543 qui
525 4478 799 4525 uxorum
859 4480 1116 4525 suarum
1173 4458 1721 4545 pulchritudinem
1770 4462 2067 4527 certatim
2113 4461 2469 4529 laudairent
2515 4469 2579 4529 et
2626 4482 2735 4531 ex-
