3369 5142
1385 351 1773 406 oomooauu.
2686 335 2773 403 29

383 519 708 587 Ultimum
769 520 1157 587 vocabulum
1218 527 1589 609 corruptum
1651 529 1783 602 est;
1830 527 1999 610 quod
2045 526 2455 594 Hel-mannus
2501 527 2769 594 coniecit

381 627 656 706 ἀγροῖο-ιν
723 646 848 691 non
917 629 1128 714 magis
1195 629 1449 713 probari
1521 628 1727 695 debet.
1823 629 2065 697 Verum
2138 641 2233 698 est
2296 631 2731 712 τράγοισιν
2755 684 2771 717 ,

384 733 550 816 quod
613 735 766 799 satis
830 753 897 797 se
957 735 1173 816 ipsum
1238 733 1735 800 commendabit.
1829 735 2029 802 Miror
2072 737 2474 804 Meinekium
2524 760 2587 824 p.
2638 736 2771 802 216

382 858 506 903 non
554 840 889 925 agnovisse
935 859 1152 904 veram
1201 838 1577 924 lectionem,
1618 861 1771 906 cum
1810 844 1945 927 ipse
1986 843 2398 909 simillimum
2439 843 2773 928 Eupolidis

382 944 596 1010 locum
658 943 878 1011 laudet
938 965 998 1028 p.
1066 942 1220 1022 426,
1281 947 1348 1009 in
1395 965 1518 1031 quo
1566 949 1803 1032 pariter
1850 968 2184 1033 caprarum
2228 948 2467 1034 pabula
2513 970 2771 1016 enume-

383 1055 625 1117 rantur.

472 1261 680 1328 Venio
741 1261 820 1327 ad
881 1260 1326 1328 Pherecratem
1349 1311 1366 1346 ,
1417 1263 1599 1327 cuius
1645 1262 2024 1330 dimidiatus
2070 1265 2425 1353 versiculus
2472 1265 2771 1332 laudatur

384 1369 461 1433 ab
525 1369 850 1434 Athenaeo
906 1365 1002 1431 IX.
1047 1389 1109 1453 p.
1162 1366 1294 1433 385
1341 1368 1429 1433 E:
1479 1367 1807 1448 τούψάριον
1854 1370 2023 1434 τουτὶ
2073 1368 2391 1449 παρέθηκέ
2437 1394 2531 1443 τις
2585 1373 2761 1448 ἡμῖν,

383 1474 490 1539 sed
539 1473 682 1540 leve
729 1480 824 1539 est
870 1494 1198 1559 reponere:
1249 1469 1567 1553 παρέθηκε
1612 1475 1709 1545 τίς
1761 1476 1944 1552 ἧμῖν;
1998 1475 2204 1542 Locus
2248 1485 2343 1543 est
2392 1477 2561 1562 apud
2615 1476 2774 1543 Mei-

381 1579 647 1644 nekium
709 1601 771 1665 p.
839 1577 992 1663 263,
1057 1579 1226 1664 apud
1274 1600 1464 1664 quem
1511 1579 1737 1644 deinde
1784 1599 1865 1645 ex
1912 1581 2135 1647 eodem
2183 1581 2439 1648 affertur
2486 1603 2548 1667 p.
2601 1580 2771 1647 266:

381 1683 762 1763 ἀπόπεμψον
811 1684 1358 1762 ἀγγέλλοντα
1403 1683 1506 1748 τὸν
1548 1684 1892 1765 περιςερόν,
1936 1686 2104 1770 quod
2140 1687 2551 1766 ἀγγελοῦντα
2577 1690 2771 1774 scrip-

383 1799 526 1856 tum
565 1793 868 1875 oportuit.
921 1790 1078 1856 Mox
1115 1811 1176 1875 p.
1218 1789 1390 1856 279:
1441 1790 1873 1864 ἆνέπλησα
1918 1793 2281 1871 τώφθαλμὼ
2322 1793 2530 1868 πάλης
2558 1801 2769 1876 φυσῶν

384 1899 454 1963 τὸ
501 1901 648 1976 πῦρ,
697 1901 978 1981 praestat
1024 1897 1148 1960 nisi
1195 1894 1380 1962 fallor
1426 1894 1757 1962 eliminare
1804 1899 2087 1964 activum
2138 1898 2406 1963 verbum
2450 1907 2517 1965 et
2552 1902 2771 1966 rescri-

386 2003 534 2067 bere
615 2003 656 2066 οἱ
677 2026 705 2065 ν
722 1999 750 2066 ε’
769 2027 816 2066 π
837 2021 925 2074 λη
945 2025 980 2064 ο·
999 2023 1026 2064 ο
1047 2048 1062 2078 ,
1135 2001 1304 2086 quod
1370 2005 1694 2086 praeterea
1756 2003 1897 2087 ipsa
1964 2004 2057 2066 rei
2126 2009 2355 2069 natura
2422 2003 2770 2094 flagitatur.

388 2106 624 2173 Eadem
686 2109 923 2194 pagina
988 2105 1350 2171 Meinekius
1397 2106 1588 2171 habet
1635 2126 1715 2172 ex
1758 2106 2024 2172 Polluce
2070 2107 2151 2172 X.
2208 2106 2333 2175 181
2384 2109 2561 2176 aliud
2609 2109 2776 2176 Phe-

387 2215 645 2278 recratis
690 2213 1158 2300 fragmentum:

933 2318 1044 2394 ἤδη
1087 2318 1202 2394 μὲν
1246 2317 1368 2400 ᾢαν
1416 2317 1687 2398 λουμένῳ
1737 2317 2178 2400 προζώνννται,

389 2428 456 2490 in
523 2445 646 2509 quo
717 2429 937 2490 eontra
1007 2424 1240 2489 abusus
1309 2429 1406 2489 est
1479 2423 1658 2489 verbi
1720 2424 1921 2489 medii
1980 2421 2453 2506 προζώννυσθαι.
2548 2424 2771 2512 Itaque

387 2530 591 2597 editor
629 2529 978 2619 legendum
1025 2531 1385 2615 suspicatur
1431 2533 1542 2595 aut
1587 2527 1680 2611 ᾦα
1728 2534 1841 2597 aut
1886 2527 2253 2612 προζώννυτε
2300 2537 2414 2598 aut
2460 2533 2773 2611 λούμενος.

386 2637 572 2703 Nihil
632 2638 862 2703 horum
930 2639 1085 2702 satis
1155 2642 1250 2701 est
1321 2642 1385 2702 et
1455 2634 1821 2717 προζῶννυτε
1882 2640 2206 2721 imprimis
2268 2643 2365 2703 est
2422 2639 2775 2705 ridiculum

385 2748 638 2827 propter
703 2740 1030 2808 inficetum
1092 2740 1403 2827 pluralem
1469 2762 1830 2807 numerum.
1930 2743 2239 2817 Λούμενος
2291 2742 2397 2808 vel
2444 2741 2535 2824 ᾦα
2582 2743 2773 2830 paulo

387 2849 620 2914 melius
639 2896 654 2925 ,
719 2848 830 2915 sed
889 2870 1016 2913 non
1054 2867 1350 2932 assequor
1395 2867 1518 2933 quo
1567 2846 1943 2914 adverbium
1992 2848 2101 2925 ἤδη
2152 2850 2483 2933 pertineat.
2545 2849 2773 2917 Eidem

389 2960 604 3019 autem
653 2952 905 3020 Polluci
951 2956 1282 3038 acceptum
1331 2953 1635 3020 debemus
1683 2953 2081 3039 Theopompi
2128 2954 2601 3043 fragmentum:

933 3057 1100 3131 τηνδὶ
1150 3057 1639 3140 περιζωσάμενος
1690 3059 1813 3141 ὤαν
1862 3059 2151 3139 λουτρίδα

934 3162 1328 3240 κατάδεσμον
1377 3164 1569 3243 ἥβης,

391 3272 558 3338 unde
605 3271 900 3357 equidem
948 3268 1210 3335 malim:

934 3374 1132 3454 ἥβης
1181 3376 1296 3453 μὲν
1341 3375 1432 3457 ᾦα
1480 3373 1752 3457 λουμένῳ
1800 3374 2245 3456 προζώννυται.,

390 3488 578 3569 atque
639 3484 732 3549 sic
785 3484 984 3549 etiam
1029 3480 1266 3547 melius
1313 3481 1672 3567 apparebit,
1725 3501 1921 3566 quam
1968 3488 2137 3549 recte
2180 3483 2590 3553 Pherecrates
2635 3486 2781 3553 Pol-

386 3590 521 3655 luci
567 3608 638 3653 eo
685 3588 822 3654 loco
871 3587 1120 3653 dicatur
1165 3588 1596 3653 enumeravi-ue
1645 3588 1730 3653 τὰ
1774 3588 2081 3670 ἐργαλεῖα
2132 3596 2243 3664 τῆς
2293 3594 2777 3672 παιδοτριβικῆς.

389 3695 466 3760 In
527 3695 791 3775 cataloyo
852 3692 1112 3759 illorum
1175 3696 1750 3760 instrumentorum
1803 3733 1883 3743 —
1933 3696 2205 3761 verbum
2255 3703 2350 3762 est
2398 3698 2780 3776 καταλέγειν

389 3822 512 3887 quo
557 3799 794 3867 Pollux
839 3802 1046 3863 utitur
1093 3836 1176 3849 -
1228 3800 1602 3865 adverbium
1655 3800 1763 3874 ἤδη
1810 3821 1934 3867 non
1982 3808 2147 3867 recte
2192 3810 2557 3889 usurpatur.
2652 3804 2781 3873 Sed

387 3910 676 3971 minutae
739 3904 890 3970 illae
953 3906 1372 3971 correctiones
1433 3910 1619 3971 sunt:
1671 3926 1816 3971 eece
1860 3906 2051 3990 paulo
2093 3909 2351 3994 gravior
2394 3910 2771 3997 corruptela.

389 4012 661 4099 Legitur
716 4009 884 4095 apud
947 4010 1348 4075 Athenaeum
1409 4010 1532 4078 XI.
1578 4032 1642 4096 p.
1694 4010 1821 4076 481
1875 4011 1940 4076 Α
2008 4012 2407 4080 Pherecratis
2454 4016 2774 4103 fragmen·-

388 4126 563 4201 tum,
627 4115 794 4201 quod
859 4134 1172 4200 apponam
1200 4166 1214 4191 ,
1285 4117 1478 4183 sicuti
1539 4116 1953 4183 emendatum
2018 4124 2115 4184 est
2163 4141 2200 4185 a
2246 4116 2484 4186 Cobeto
2528 4121 2777 4189 Mnem.

389 4222 493 4289 IV.
550 4244 609 4308 p.
669 4220 835 4286 119:

530 4339 608 4395 A.
655 4325 957 4408 γλισχρόν
1005 4352 1084 4407 γε
1133 4328 1316 4405 uode}
1365 4328 1434 4393 τὸ
1482 4328 1733 4407 σίαλον,
1786 4331 1853 4405 νὴ
1902 4332 1985 4395 τὼ
2033 4328 2176 4396 θεώ.

663 4433 820 4511 λάβ’
869 4430 910 4497 ὦ
962 4432 1222 4513 Συρίσκε
1271 4435 1382 4509 τὴν
1429 4433 1815 4510 κοτυλίσκην.
1864 4438 2291 4517 Κοριαννώ.
2338 4437 2639 4516 μηδαμῶς
