3369 5142
656 312 786 383 438
1638 340 2052 391 mucymnas.

746 511 1031 599 Thucyd.
1086 515 1201 580 IV.
1254 518 1313 579 9.
1374 516 1491 585 τὰς
1542 516 1794 595 τριήρεις
1847 556 1926 565 --
1993 518 2106 582 ὑπὸ
2154 518 2222 582 τὸ
2265 516 2576 595 τείχισμα
2623 520 3032 587 ΠΡΟΟεςαύ-

653 640 821 697 ρωσε.
870 618 977 684 Sic
1012 621 1185 687 libri:
1264 620 1647 687 Hel-werden
1686 627 1925 708 recepit
1972 623 2202 689 Dobrei
2254 624 2680 689 coniecturam
2728 626 3029 702 προύςαύ-

652 747 837 801 ρωσε,
898 728 1005 791 sed
1068 728 1274 793 multo
1336 728 1569 793 melius
1630 737 1726 793 est
1771 730 2288 809 ΠΕΡΙεςαύρωσε.
2344 729 2442 794 Cf.
2493 730 2574 793 II.
2631 730 2748 796 75:
2801 740 3028 812 πρῶτον

653 833 764 909 μὲν
834 838 1316 915 περιεςαύρωσαν
1393 838 1613 902 αὐτοὺς
1687 844 1809 901 τοῖς
1875 836 2167 917 δένδρεσιν
2223 834 2266 903 ἃ
2323 836 2588 923 ἔκοψαν,
2639 844 2746 903 τοῦ
2792 838 3026 915 μηδένα

572 940 597 961 ‘
653 938 745 1003 ἔτι
794 938 1037 1017 ἐξιέναι.

743 1171 1031 1257 Thucyd.
1080 1171 1196 1236 IV.
1254 1171 1354 1235 10.
1420 1170 1479 1235 3.
1530 1171 1633 1234 τὸν
1684 1172 1974 1248 πολέμιον
2018 1170 2334 1251 δεινότερον
2376 1168 2591 1248 ἕξομεν
2623 1174 2711 1248 μη
2751 1172 3028 1255 ρ’ᾳδιὨΟ

652 1280 820 1354 αὐτῷ
905 1279 1095 1342 πάλιν
1182 1278 1360 1351 οὔσης
1430 1284 1539 1351 τῆς
1622 1280 2085 1357 ἀναχωρήσεως.
2181 1278 2320 1342 Imo
2382 1300 2530 1343 vero
2589 1281 2678 1354 μη
2750 1278 2940 1360 1ΞοιδίΑ
2961 1288 3024 1343 C.

650 1382 981 1449 Praeterea
1051 1384 1241 1447 πάλιν
1306 1394 1449 1449 ante
1508 1386 1953 1462 ἀναχωρήσεως
2017 1384 2476 1449 collocandum.
2571 1384 2888 1469 Frequens
2936 1390 3028 1449 est

651 1490 814 1574 apud
866 1490 1305 1576 Thucydidem
1358 1490 1549 1554 πάλιν
1600 1493 1972 1575 ἀναχωρεῖν,
2027 1493 2058 1563 ἦ
2111 1490 2300 1555 πάλιν
2342 1490 2752 1570 ἀναχώρησις.

741 1723 1031 1809 Thucyd.
1104 1722 1210 1787 IV.
1286 1724 1383 1787 11.
1454 1726 1512 1786 2.
1587 1722 1845 1787 ἐπέπλει
1898 1725 2406 1803 Θρασυμηλίδας.
2499 1724 2876 1788 Ridiculum
2922 1745 3026 1789 no-

650 1852 794 1896 men
867 1838 961 1895 est
1027 1832 1434 1909 Θρασύμηλος
1504 1836 1567 1895 et
1631 1830 2152 1914 Θρασυμηλίδας,
2202 1838 2276 1895 ut
2323 1834 2389 1894 in
2437 1829 2692 1895 Stobaei
2739 1830 3022 1915 Append.

644 1938 920 2003 Florent.
990 1936 1257 2009 Ὀξίθεος
1308 1958 1417 2021 pro
1470 1935 1802 2011 ΕΤξίθεος.
1853 1936 1943 2001 Ut
1993 1939 2162 2001 enim
2210 1936 2339 2011 ὅξος
2390 1943 2454 2001 et
2502 1935 2626 2007 θεός
2677 1958 3024 2021 numquam

646 2044 986 2109 coalescere
1036 2046 1103 2106 in
1150 2065 1347 2107 unum
1400 2051 1772 2128 potuerunt,
1823 2048 1913 2107 sic
1961 2043 2027 2105 τὸ
2073 2052 2269 2118 μῆλον
2317 2046 2450 2107 sive
2497 2048 2710 2105 malum
2753 2048 2845 2107 est
2894 2045 3026 2107 sive

644 2152 769 2215 ovis
836 2171 985 2215 eum
1048 2150 1265 2229 θρασύς
1327 2153 1621 2234 componi
1680 2172 1802 2215 non
1866 2156 2092 2235 potest.
2142 2150 2572 2215 Emendemus
2617 2152 2821 2236 igitur
2869 2159 3026 2227 Θρα-

643 2256 1046 2334 συμηΔίδας,
1111 2264 1184 2321 ut
1247 2259 1652 2334 Θρασυμήδης
1725 2268 1808 2321 et·
1853 2258 2289 2335 Θρασύβουλος
2358 2262 2508 2321 nota
2553 2264 2702 2319 sunt
2747 2259 3023 2320 nomina.

642 2364 1004 2450 Legebatur
1071 2366 1140 2426 in
1202 2362 1383 2427 Iliad.
1444 2373 1523 2427 n.
1573 2362 1726 2428 462.
1779 2363 2224 2446 Θρασύμηλον,
2273 2364 2382 2428 sed
2431 2364 2495 2426 in
2541 2368 2752 2427 vetere
2801 2373 2858 2427 A
2905 2362 3023 2427 Ve-

641 2474 786 2534 neto
849 2474 1216 2533 annotatur:
1285 2470 1342 2531 ἐν
1412 2466 1587 2548 ἄλλῳ
1638 2470 2190 2548 θρασύδημον,
2244 2470 2302 2533 ἕν
2351 2468 2526 2549 ἄλλῳ
2575 2467 3018 2547 θρασύβου-

661 2592 698 2639 λ
718 2602 777 2641 ον
800 2625 815 2655 ,
866 2599 1137 2662 quorum
1184 2577 1347 2642 illud
1396 2585 1722 2663 receptum
1771 2585 1880 2643 est.

730 2809 1018 2895 Thucyd.
1085 2808 1189 2873 IV.
1264 2811 1365 2874 ll.
1419 2809 1474 2872 4.
1528 2811 1948 2882 αποκνοῦντας
1997 2810 2098 2874 καὶ
2147 2810 2658 2888 Φυλασσομένους
2709 2815 2825 2872 τῶν
2878 2813 3017 2872 νεῶν

639 2918 725 2992 μη
776 2915 1194 2996 ξυντρίιιωσιν.
1267 2915 1601 2981 Manifesto
1650 2917 1950 2980 mendosa
1992 2917 2147 2980 haee
2193 2929 2360 2980 sunt.
2431 2915 2786 2980 Violentius
2833 2915 3015 2979 Mad-

638 3026 771 3109 wig·
816 3021 1127 3099 ξύντριψιν
1172 3024 1509 3107 reponebat
1568 3043 1681 3108 pro
1730 3025 1817 3097 μη
1867 3022 2285 3100 ξυντρίψωσιν.
2334 3023 2824 3087 Restituendum
2873 3043 3016 3086 cen-

638 3149 741 3193 seo
805 3131 1403 3206 φΕΙΔομένοῦς
1462 3136 1575 3192 τῶν
1641 3131 1802 3192 νεῶν.
1864 3129 2167 3194 Iracunde
2215 3127 2508 3192 Brasidas
2555 3129 2775 3192 eodem
2823 3130 3014 3192 verbo

637 3256 793 3298 usus
857 3235 1011 3310 ἐβόα
1076 3237 1150 3305 ὡς
1199 3237 1305 3297 οὐκ
1356 3235 1510 3306 εἰκὸς
1560 3234 1649 3308 εἴη
1702 3235 1900 3312 ξύλων
1947 3235 2337 3316 φειδομένους
2386 3235 2524 3305 τοὺς
2576 3235 2905 3308 πολεμίους
2957 3235 3016 3296 ἐν

637 3351 713 3422 τῇ
784 3341 957 3423 χώρᾳ
1017 3341 1297 3419 περιιδεῖν
1355 3348 1567 3421 τεῖχος
1615 3341 2076 3416 πεποιημένους.
2173 3339 2566 3406 Contemtim
2611 3360 2804 3404 naves
2851 3339 3012 3416 ξύλα

637 3445 913 3532 appellat
964 3445 1417 3530 Spartanorum
1484 3447 1765 3524 fastidio,
1839 3448 1948 3531 qui
1996 3467 2188 3511 naves
2234 3449 2317 3509 τὰ
2367 3450 2537 3508 κᾶλα
2587 3465 2812 3510 vocare
2861 3446 3014 3510 sole-

636 3555 829 3628 bant,
880 3559 953 3616 ut
1000 3555 1067 3614 in
1116 3551 1230 3616 illa
1278 3552 1579 3637 epistola:
1634 3552 1779 3632 ἔρρει
1827 3553 1911 3616 τοὶ
1959 3557 2132 3617 κᾶλα
2174 3574 2284 3636 pro
2327 3551 2724 3614 ἀπολώλασιν
2767 3553 2831 3614 αἱ
2859 3563 3011 3626 νῆες.

728 3793 1012 3880 Thucyd.
1066 3793 1168 3858 IV.
1229 3795 1333 3860 ll.
1390 3793 1447 3856 4.
1500 3795 1654 3870 ἐβόα
1707 3835 1788 3845 -
1838 3795 1955 3864 τοὶς
2005 3795 2310 3875 σφετέρας
2361 3801 2508 3866 ναῦς
2563 3835 2644 3844 —-
2688 3797 3012 3873 καταγνύ-

636 3925 730 3965 ναι
784 3900 1100 3985 [ἐκέλευε]
1154 3899 1488 3964 Submiror
1533 3901 1759 3966 inutile
1808 3908 1872 3966 et
1917 3903 2087 3965 iners
2135 3901 2376 3966 ἐκέλευε
2423 3901 2847 3966 Herwerdeno
2889 3923 3010 3968 non

634 4027 765 4072 esse
837 4007 911 4071 de
984 4006 1202 4071 fraude
1276 4013 1664 4092 suspectum.
1739 4007 1998 4072 Mecum
2067 4009 2303 4092 optime
2366 4011 2546 4072 novit
2592 4029 2782 4092 quam
2829 4029 3010 4092 saepe

635 4113 925 4195 κελεύων,
976 4113 1253 4196 ἐκέλευε,
1304 4113 1580 4176 ἐκέλευον
1627 4111 1870 4178 soleant
1919 4135 1956 4178 a
2001 4113 2212 4178 sciolis
2259 4115 2336 4178 de
2383 4134 2495 4178 suo
2542 4117 2755 4178 inseri.

724 4355 1015 4442 Thucyd.
1066 4355 1181 4420 IV.
1228 4355 1325 4419 12.
1371 4357 1401 4428 ἦ
1431 4355 1618 4419 donia
1652 4357 1956 4438 περιερρύη
1985 4359 2042 4430 ἐς
2069 4361 2178 4431 την
2202 4359 2526 4423 θάλασσαν
2553 4359 2654 4424 καὶ
2687 4361 3012 4439 ἐξενεχθεί-

632 4487 740 4537 σης
802 4466 1051 4564 [αὐγῆς]
1116 4465 1175 4534 ἐς
1234 4464 1343 4536 τὴν
1392 4471 1513 4540 γῆν
1563 4465 1691 4527 κτέ.
1743 4462 1817 4528 In
1865 4466 2234 4530 huiusmodi
2281 4467 2618 4532 verborum
2667 4468 3008 4532 conforma·
