3369 5142
619 268 753 337 282
1614 290 1956 338 Anrn’non.

707 459 861 546 Cap.
926 458 1046 523 44:
1118 460 1221 523 καὶ
1296 461 1417 535 μὴν
1479 462 1688 543 πολλῷ
1752 462 1938 527 πλέον
1991 488 2081 540 γε
2139 464 2472 541 ἀγνοεῖν
2535 461 2625 531 ἔτι
2673 463 2897 541 νύκτωρ
2945 462 2980 538 ἢ

615 568 753 643 μεθ’
818 566 1075 649 ἡμέραν,
1140 566 1239 629 ἐπ’
1302 568 1496 641 ἀκτῆς
1559 566 1593 643 ἢ
1659 567 1828 631 κατὰ
1892 568 2091 633 πόλιν.
2183 568 2456 635 Librarii
2517 575 2736 653 stupor
2782 589 2978 653 quum

615 672 769 757 quid
838 677 1003 737 esset
1070 681 1510 739 ΓΕΓΩΝΕΙΝ
1580 693 1704 738 non
1775 674 2166 762 intelligeret
2235 675 2410 740 dedit
2480 677 2604 740 duo
2674 674 2984 741 vocabula

618 780 801 857 „bene
850 778 1110 842 Graeca'’
1152 804 1235 856 γε
1279 786 1343 844 et
1387 780 1631 857 ἀγνοεῖν
1678 783 2028 847 sententiae
2073 802 2348 845 securus.
2407 781 2606 847 Unice
2651 781 2800 846 huic
2847 780 2985 846 loco

616 888 909 951 convenit
976 893 1275 962 γεγωνεῖν
1295 936 1312 968 ,
1381 886 1449 951 id
1521 892 1617 951 est
1689 884 2011 961 ἐξάκουςον
2069 887 2482 969 Φθέγγεσθαι.
2577 886 2714 951 Vox
2775 886 2984 951 multo

616 992 841 1055 clarior
900 1001 1139 1055 resonat
1201 997 1265 1057 et
1324 992 1581 1078 long-ius
1642 992 1981 1058 exauditur
2039 998 2232 1059 noctu
2295 1014 2487 1078 quam
2547 992 2826 1057 interdiu
2848 1043 2864 1063 ,
2911 995 2980 1057 in

614 1096 831 1163 littore
897 1118 1090 1182 quem
1158 1101 1225 1162 in
1295 1099 1469 1163 urbe.
1533 1107 1832 1175 Γεγωνεῖν
1895 1119 1967 1165 eo
2031 1119 2216 1165 sensu
2277 1100 2356 1164 ab
2413 1100 2647 1166 Atticis
2693 1100 2980 1183 usurpari

616 1202 1010 1269 ostendimus
1054 1206 1120 1268 in
1168 1204 1323 1270 Nov.
1372 1206 1555 1269 Lectt.
1604 1225 1755 1291 pag.
1807 1202 1874 1271 8.

709 1411 863 1498 Cap.
914 1412 1032 1478 45:
1094 1412 1178 1479 τά
1225 1438 1296 1479 τε
1343 1415 1405 1477 ἐν
1451 1424 1528 1495 τῇ
1584 1425 1668 1497 γῇ
1716 1414 1864 1479 ὄντα
1911 1413 2216 1491 ἀναξύσαι
2265 1416 2370 1480 καὶ
2417 1416 2503 1481 τοὶ
2551 1416 2612 1479 ἐν
2658 1417 2742 1497 τῷ
2792 1416 2980 1497 πλοίῳ

619 1518 1118 1597 ἀποσπογγίσαι.
1172 1520 1485 1600 Quoniam
1530 1520 1689 1599 ξύω,
1739 1520 2020 1601 ἀποξύω,
2068 1520 2312 1599 ἀναξύω
2359 1523 2594 1589 habent
2639 1548 2674 1587 υ
2713 1522 2980 1612 longum

617 1626 821 1691 scribe
864 1624 1191 1702 ἀναξῦσαι.
1286 1626 1607 1693 Homerus
1648 1634 1800 1693 noto
1845 1627 2018 1693 loco:

1158 1740 1354 1816 γῆρας
1402 1732 1721 1809 ἀποξύσας
1770 1735 1966 1809 θήσειν
2013 1731 2137 1799 νέον
2183 1732 2486 1811 ἡβώοντα.

710 1940 865 2027 Cap.
930 1938 1049 2007 47:
1113 1945 1213 2004 νῦν
1275 1940 1336 2005 δὲ
1401 1940 1577 2005 αὐτοὶ
1628 1938 2053 2019 καταγνόντες
2101 1940 2262 2027 [τὸν]
2318 1938 2574 2005 θάνατον
2623 1946 2728 2004 τοῦ
2780 1940 2984 2020 ἀνδρὸς

616 2047 1049 2113 ἀπεκτείνατε.
1120 2050 1380 2111 annotat
1442 2046 1700 2111 Editor:
1766 2044 1910 2123 »τόν
1974 2048 2170 2111 abesse
2231 2048 2433 2109 malim
2487 2069 2615 2109 cum
2660 2046 2989 2111 Naucki0.’'

617 2154 768 2221 Sine
838 2174 1017 2220 mora
1084 2151 1185 2215 τόν
1255 2157 1643 2237 expunctum
1708 2154 2010 2238 oportuit.
2103 2152 2189 2218 Et
2250 2159 2423 2217 certa
2485 2152 2734 2217 dicendi
2777 2152 2879 2217 lex
2925 2158 2988 2218 et

616 2264 907 2326 omnium
973 2265 1314 2345 perpetuus
1356 2278 1511 2323 usus
1555 2260 1624 2323 in
1670 2258 1910 2323 talibus
1955 2257 2299 2323 articulum
2345 2264 2672 2343 respuunt.
2723 2258 2988 2323 Sexcen-

616 2370 737 2432 ties
800 2366 1042 2456 legitur
1100 2365 1358 2437 θάνατός
1422 2389 1577 2438 τινος
1626 2366 2042 2444 κατεγνώσθη.
2137 2364 2292 2444 Quis
2337 2366 2500 2431 ferat
2543 2368 2612 2430 in
2655 2364 2758 2432 his
2806 2368 2832 2429 ὁ
2881 2366 2986 2431 θά-

617 2470 839 2543 νατοςῖ
898 2472 1226 2558 Antiphon
1290 2494 1435 2561 pag.
1507 2470 1634 2538 137
1700 2493 1835 2557 cap.
1904 2471 2022 2539 70:
2087 2476 2194 2535 τοῦ
2258 2472 2310 2536 δ’
2361 2472 2485 2543 ἑνὸς
2533 2473 2746 2539 τούτου
2796 2497 2982 2538 κατε-

618 2581 855 2658 γνώσθη
911 2579 1189 2651 θάνατος.

702 2687 916 2752 Multa
981 2687 1210 2752 vitiose
1270 2687 1492 2752 scribit
1552 2685 1895 2761 Aelianus,
1964 2687 2073 2770 qui
2131 2686 2257 2750 sibi
2321 2689 2579 2773 egregie
2653 2687 2986 2768 ἀττικίζειν

616 2794 983 2870 videbatur,
1048 2793 1157 2858 sed
1216 2793 1632 2859 vitiosissime
1694 2795 1984 2857 omnium
2031 2790 2108 2856 V.
2155 2791 2243 2856 Η.
2292 2790 2436 2856 XII.
2487 2791 2610 2857 49:
2663 2799 2904 2858 Φωκίων
2955 2793 2984 2856 ὅ

618 2906 726 2964 τοῦ
774 2899 981 2965 Φώκου
1025 2898 1330 2971 πολλάκις
1380 2899 1785 2978 ςρατηγῆσας
1835 2899 2228 2976 κατεγνώσθη
2278 2897 2539 2978 θανάτῳ.

708 3113 869 3202 Pag.
934 3111 1083 3176 135.
1150 3131 1279 3196 cap.
1346 3107 1470 3175 48:
1520 3107 1637 3177 ὅτε
1684 3111 1895 3190 πολλῷ
1942 3109 2018 3174 ἂν
2066 3108 2429 3189 δικαιότερον
2474 3112 2648 3187 ὑμεῖς
2699 3111 2986 3189 ἐκρίνεσθε

620 3223 653 3298 ἢ
718 3222 839 3298 ἐγὼ
903 3223 1003 3282 νῦν
1065 3217 1281 3298 φεύγω
1327 3216 1437 3296 ὑφ’
1487 3217 1649 3291 ὑμῶν
1705 3214 2008 3304 [ἀδίκως]
2060 3217 2305 3282 Mirum
2353 3220 2674 3282 neminem
2719 3220 2987 3282 sensisse

618 3328 838 3398 ἀδίκως
901 3323 1097 3390 stulte
1163 3343 1295 3388 esse
1356 3322 1814 3408 interpolatum
1864 3328 1929 3387 et
1975 3326 2230 3408 penitus
2277 3321 2559 3388 Oratoris
2606 3327 2985 3389 sententiam

619 3437 998 3519 pervertere.

712 3646 873 3732 Pag.
928 3641 1077 3708 135.
1122 3663 1261 3728 cap.
1309 3640 1431 3706 49:
1479 3649 1768 3706 σκοπεῖτε
1819 3639 1880 3704 δὲ
1930 3641 2030 3704 καὶ
2073 3640 2144 3703 ἐκ
2181 3647 2306 3704 τοῖν
2345 3641 2554 3718 λόγοιν
2592 3653 2717 3708 τοῖν
2757 3642 2985 3721 ἀνδροῖν

624 3751 921 3828 ἑκατέροιν
980 3755 1105 3812 τοῖν
1166 3747 1664 3825 βασανισθέντων
1724 3747 1793 3810 τὸ
1855 3745 2079 3838 δίκαιον
2127 3747 2233 3809 καὶ
2281 3748 2349 3811 τὸ
2399 3749 2574 3818 εἰκός.
2667 3749 2984 3814 Emenda:

621 3861 687 3923 ἐκ
756 3863 957 3922 ΤΩΝ
1018 3853 1278 3931 λόγΩΝ
1341 3862 1466 3916 τοῖν
1531 3854 1797 3936 ἀνδροῖν,
1858 3853 1924 3916 id
1975 3857 2070 3917 est
2118 3853 2183 3929 ἐξ
2229 3848 2305 3915 ὦν
2351 3853 2636 3930 λέγουσιν
2685 3855 2980 3932 ἓκάτεροι.

621 3965 719 4029 De
781 3961 1027 4028 duabus
1086 3959 1510 4036 orationibus,
1577 3958 1786 4024 veluti
1845 3957 2294 4023 Demosthenis
2357 3966 2422 4024 et
2467 3959 2806 4025 Aeschinis
2853 3960 2984 4040 περὶ

622 4066 1171 4147 παραπρεσβείας,
1232 4073 1402 4129 recte
1462 4065 1776 4130 diceretur
1824 4065 1892 4127 ἐκ
1939 4073 2066 4129 τοῖν
2113 4064 2352 4142 λόγοιν,
2403 4086 2529 4130 non
2577 4066 2653 4130 do
2697 4068 2780 4130 iis
2827 4087 2986 4152 quae

625 4178 750 4243 duo
796 4180 989 4240 testes
1034 4192 1146 4257 pro
1194 4173 1563 4236 testimonio
1610 4171 1926 4235 dixerunt.

713 4386 872 4472 Pag.
926 4381 1074 4448 135.
1118 4402 1253 4467 esp.
1302 4379 1424 4446 49:
1472 4380 1498 4445 ὄ
1547 4379 1600 4444 δ’
1648 4379 1947 4460 ἐλεύθερος
1994 4378 2223 4446 οὐδέπω
2271 4383 2370 4444 νῦν
2417 4379 2614 4462 εἴρηκε
2660 4384 2791 4463 περὶ
2839 4385 2987 4462 ἐμοῦ
