3369 5142
1410 287 1796 340 comcomm.
2711 272 2801 341 23

405 455 636 527 Dicam
709 462 863 547 quid
931 463 1096 527 mihi
1167 463 1450 547 exsculpi
1518 483 1699 546 posse
1769 462 2096 540 videatur,
2169 463 2325 549 quid
2390 484 2513 529 non
2576 465 2793 548 possit.

401 567 627 633 Prodit
680 569 748 632 in
793 587 1048 633 scenam
1095 571 1307 634 nescio
1354 569 1530 653 quis,
1579 569 1683 632 cui
1732 568 1927 634 Panis
1973 573 2235 656 signum
2281 569 2452 635 furto
2501 568 2791 635 ablatum

400 673 608 740 fuerat
655 676 989 759 utiturque
1033 675 1137 740 his
1183 675 1430 741 verbis:

769 817 854 828 —
909 815 952 839 υ
1007 818 1092 829 —-
1139 781 1549 845 Ποινίσκον
1598 781 1719 857 ἥκω
1767 782 1934 859 δεῦρο
1981 782 2267 858 μοις-εὕων
2312 781 2471 847 τινά.

401 883 614 973 Rogat
674 885 836 951 alter
895 891 1112 951 utrum
1171 885 1468 974 sigillum
1526 906 1791 951 aeneum
1810 936 1826 969 ,
1889 887 2181 974 ligneum
2229 909 2307 954 an
2356 907 2623 953 aureum
2672 888 2796 969 sit,

401 989 512 1055 sed
582 993 721 1076 ipsa
790 992 984 1058 verba
1050 999 1366 1076 praestare
1435 1011 1560 1057 non
1630 1012 1913 1077 possum.
2008 993 2368 1078 Respondet
2437 993 2596 1058 alter
2671 1012 2796 1056 non

401 1094 694 1183 ligneum
741 1096 852 1162 sed
897 1116 1166 1162 aeneum
1211 1099 1474 1184 signum
1523 1117 1656 1162 esse
1674 1145 1692 1174 ,
1743 1098 1911 1182 quod
1958 1099 2305 1184 aufmerit:

729 1203 1006 1280 οὖδοομῶς
1053 1199 1288 1278 ξύλινος
1337 1204 1554 1276 ἐκεῖνος
1603 1205 1782 1268 ἀλλὰ
1827 1208 2113 1284 χαλκοῦς
2160 1205 2235 1270 ὧν
2290 1241 2328 1264 υ
2384 1242 2467 1253 -

719 1345 800 1356 ·-
856 1343 1369 1368 vvvvv
1423 1312 1468 1374 ὦ
1485 1333 1536 1374 ⁷1·
1553 1309 1580 1372 ε’
1599 1308 1632 1373 δ
1647 1333 1677 1389 ρ
1702 1333 1766 1374 α.

401 1413 540 1494 Quo
586 1413 780 1480 verbo
819 1413 1282 1495 ἀποδιδράσκειν
1329 1415 1584 1490 audito,
1636 1415 1953 1480 exclamat
1998 1415 2190 1482 alter:

1511 1521 1752 1601 Πότερα.
1804 1521 2173 1594 Δοιιδάλειος
2226 1518 2290 1595 ἦν

855 1628 889 1702 ἥ
941 1652 1034 1700 τις
1083 1626 1416 1708 ἐξέκλεψεν
1464 1626 1684 1706 οιῦτόν;

403 1737 594 1818 atque
630 1735 722 1798 sic
760 1733 938 1799 locus
977 1734 1242 1800 idoneus
1281 1739 1377 1800 est
1417 1734 1497 1800 ad
1539 1734 2105 1800 demonstrandum
2141 1733 2209 1798 id
2244 1732 2411 1818 quod
2437 1731 2795 1797 Scholiasta

402 1845 714 1923 posuerat.
807 1837 980 1905 Illud
1041 1845 1210 1906 certe
1269 1841 1436 1904 mihi
1493 1839 1843 1906 admodum
1900 1839 2250 1905 verisimile
2314 1837 2604 1914 videtur,
2673 1835 2793 1902 sub

403 1945 562 2010 Ποινὶ
613 1943 800 2010 κακόν
845 1945 1044 2012 latere
1089 1945 1416 2011 Ποονίσκον.

495 2153 744 2222 Cratini
787 2156 1225 2244 frag-mentum
1271 2161 1368 2220 est
1412 2155 1582 2239 apud
1629 2155 2029 2222 Athenaeum
2075 2155 2170 2220 IX
2217 2177 2277 2242 p.
2330 2153 2459 2222 373
2506 2155 2584 2219 Ε·

771 2261 986 2338 Λήδα,
1035 2265 1138 2325 σὸν
1184 2259 1390 2341 ἔργον·
1440 2261 1536 2325 δεῖ
1578 2260 1632 2324 δ’
1682 2257 1838 2334 ὅπως
1889 2263 2270 2341 εὐσχήμονος

767 2367 1164 2446 ἀλεκτρυόνος
1210 2366 1400 2442 μηδὲν
1444 2366 1679 2439 διοίσεις
1728 2366 1869 2438 τοὺς
1916 2367 2207 2452 τρόπους,

772 2473 901 2537 ἐπὶ
952 2471 1129 2552 τῷδ’
1179 2471 1585 2554 ἐπῴζουσ’,
1631 2474 1709 2544 ὥς
1758 2471 1835 2537 ἂν
1885 2473 2149 2554 ἐκλέψῃς
2200 2473 2391 2537 καλὸν

771 2580 917 2653 ἡμῖν
963 2602 1023 2643 τι
1074 2578 1178 2643 aa)
1228 2576 1564 2655 θαυμαςὸν
1611 2581 1679 2642 ἐκ
1727 2577 1891 2643 τοῦδ’
1938 2577 2144 2656 ὄρνεον.

407 2680 731 2749 Gorrectio
795 2692 892 2749 est
951 2683 1430 2761 Valckenaerii,
1496 2704 1648 2749 nam
1705 2686 1774 2748 in
1820 2682 2055 2749 Codice
2102 2684 2344 2771 legitur
2392 2682 2756 2765 ἑπωάζουσοι
2779 2734 2796 2766 ,

408 2788 702 2873 displicet
747 2793 962 2854 tamen
1009 2789 1174 2855 illud
1222 2789 1321 2853 ἐπὶ
1370 2788 1538 2869 τῷδ’,
1589 2790 1756 2874 quod
1803 2808 1929 2853 non
1973 2788 2166 2853 habet
2212 2809 2336 2874 quo
2383 2790 2692 2855 referatur
2730 2795 2793 2855 et

407 2894 879 2981 dittographiae
924 2895 1137 2961 simile
1183 2899 1308 2971 est;
1360 2893 1586 2960 deinde
1625 2914 1813 2961 causa
1854 2892 2246 2979 corruptelae
2286 2897 2502 2961 minus
2536 2902 2795 2981 apparet

405 3006 470 3064 et
530 3007 673 3085 post
733 3000 836 3066 σὸν
895 3002 1069 3082 ἔργον
1113 3003 1364 3085 requiro
1410 3001 1538 3065 fere
1586 3000 1693 3067 vel
1738 3002 2199 3086 imperativum
2247 3000 2353 3067 vel
2398 3000 2793 3067 infinitivum

405 3106 694 3175 modum.
787 3107 1090 3175 Tentavi:

949 3211 1202 3295 ἐπῷζε
1248 3210 1416 3291 σῖγ’
1468 3208 1605 3284 ἕως
1656 3210 1735 3275 ἂν
1780 3210 2045 3291 ἐκλέψῃς
2094 3212 2285 3275 καλὸν

953 3322 1098 3395 ἡμῖν
1142 3342 1201 3383 τι
1251 3318 1356 3383 κά)
1407 3314 1743 3394 Saul-zachir
1791 3316 1856 3379 ἐκ
1904 3316 2066 3380 τοῦδ’
2114 3314 2318 3394 ὄρνεον.

406 3423 622 3490 ovum
685 3430 781 3491 est
839 3424 1007 3510 quod
1066 3425 1360 3491 Nemesis
1425 3427 1751 3509 pepererat
1812 3426 1876 3486 et
1922 3420 2214 3505 Spartam
2266 3421 2534 3487 allatum
2582 3423 2790 3487 fuerat

407 3529 488 3593 ad
545 3532 858 3617 reginam.
922 3527 1164 3595 Mulier
1220 3534 1448 3595 natura
1491 3528 1817 3612 loquacior
1864 3546 2119 3592 causam
2168 3527 2467 3593 miraculi
2512 3530 2787 3614 rogitat,

407 3634 518 3700 sed
567 3642 770 3701 tacere
808 3635 1072 3721 jubetur
1120 3642 1185 3701 et
1230 3634 1508 3724 gallinae
1555 3636 1756 3698 instar
1802 3654 1995 3701 ovum
2043 3633 2284 3697 cilentio
2330 3632 2685 3699 excludere.

497 3844 846 3931 Hucusque
892 3846 1176 3912 nondum
1215 3844 1616 3911 intellectum
1655 3844 1783 3931 {fuit
1823 3840 2069 3921 Cratini
2106 3842 2546 3931 fragmentum
2570 3893 2585 3920 ,
2628 3843 2795 3928 quod

407 3950 636 4017 Suidas
695 3952 890 4019 habet
945 3956 1014 4017 in
1080 3972 1232 4018 voce
1289 3948 1572 4025 ἀλώπηξ.
1669 3948 1905 4013 Scribit
1966 3952 2093 4013 ita:
2160 3948 2480 4028 παροιμίαι.
2530 3947 2795 4023 ἀλώπηξ

410 4058 538 4142 [οὖ]
587 4057 1030 4137 δωροδοκεῖτοιι,
1081 4058 1181 4123 ἐπὶ
1233 4064 1350 4122 τῶν
1396 4059 1484 4133 μὴ
1532 4054 1743 4139 ῥᾳδίως
1794 4054 1989 4134 δώροις
2038 4051 2432 4131 πειθομένων.
2499 4062 2793 4133 Κρατῖνος

406 4162 676 4240 Νόμοις·
732 4167 936 4241 ’Τμῶν
983 4160 1067 4235 εἷς
1109 4164 1221 4241 μὲν
1262 4160 1480 4235 ἕκάςος
1508 4158 1771 4234 ἀλώπηξ
1798 4162 1927 4244 [οὐ]
1956 4160 2390 4240 δωροδοκεῖς-ἀι.
2432 4159 2797 4225 Meinekius

407 4290 472 4355 p.
527 4268 613 4338 87
665 4270 742 4337 de
785 4270 886 4335 his
932 4271 1144 4337 verbis
1189 4272 1283 4335 ita
1330 4267 1650 4353 disputat:
1708 4264 1945 4343 „Recte
1994 4266 2059 4329 οὗ
2108 4264 2489 4350 particulam
2534 4266 2603 4328 in
2647 4262 2797 4329 Ora-

409 4378 534 4441 tini
603 4397 792 4443 versu
861 4379 1107 4441 omittit
1175 4373 1331 4441 God.
1399 4376 1484 4450 A,
1562 4393 1639 4438 ex
1703 4391 1827 4456 quo
1890 4390 2275 4454 consequens
2338 4375 2434 4434 est
2490 4371 2685 4434 etiam
2733 4372 2801 4433 in
