3369 5142
1368 351 1490 404 rao
1536 351 1785 404 emmo.
2643 333 2776 406 205

390 531 577 620 gium
632 529 963 617 explente,
1020 535 1096 598 ut
1154 533 1404 598 constat
1462 550 1539 595 ex
1586 527 1732 616 lege
1777 525 1946 594 Iulia
1989 527 2386 614 municipali.
2437 526 2536 596 cf.
2577 528 2774 596 etiam

390 638 563 705 Verr.
614 637 696 704 11.
748 635 857 715 49,
914 637 1063 703 120.

483 744 545 811 6.
614 744 975 831 „Equidem
997 792 1013 821 ,
1088 747 1161 810 ut
1223 745 1302 810 ad
1366 765 1473 810 me
1534 747 1850 819 revertar,
1901 741 1982 807 ab
2027 741 2129 806 his
2175 741 2457 808 fontibus
2503 741 2777 827 profluxi

390 851 471 918 ad
530 852 868 918 hominum
928 850 1166 916 famam
1228 854 1294 917 et
1352 871 1535 916 meus
1580 850 1686 915 hic
1735 848 1999 913 forensis
2044 846 2226 914 labor
2269 850 2565 934 vitaeque
2610 851 2776 916 ratio

390 957 749 1024 dimanavit
806 956 886 1022 ad
950 955 1495 1022 existimationem
1552 956 1894 1022 hominum
1955 951 2149 1038 paulo
2208 953 2408 1020 latius
2452 976 2776 1022 commen·

391 1063 646 1130 datione
692 1083 765 1129 ac
810 1062 1047 1129 iudicio
1090 1062 1443 1129 meorum.''

480 1169 805 1236 Ciceronis
860 1169 1017 1235 haec
1073 1189 1199 1235 non
1256 1189 1389 1235 esse
1450 1171 1583 1235 iam
1630 1167 2086 1234 animadvertit
2131 1166 2584 1234 Vollenhoven.
2635 1168 2776 1235 Pri-

390 1297 575 1342 mum
636 1273 892 1340 Tullius
952 1294 1077 1341 non
1140 1277 1471 1341 revertimu-
1523 1277 1611 1339 ad
1659 1296 1752 1358 ac,
1801 1293 1952 1338 cum
1997 1293 2190 1358 supra
2233 1275 2335 1338 sui
2381 1276 2774 1340 mentionem

387 1401 515 1448 non
578 1382 818 1448 fecerit.
912 1379 1109 1446 Porro
1171 1380 1401 1446 durum
1450 1386 1547 1446 est
1594 1385 1659 1445 et
1703 1379 2076 1455 insolitum,
2123 1383 2198 1444 ut
2243 1379 2467 1452 homo,
2518 1381 2629 1464 qui
2675 1381 2774 1446 in-

388 1490 659 1554 notescit
678 1535 695 1566 ,
758 1487 1009 1553 dicatur
1066 1511 1323 1552 manare
1369 1493 1434 1553 et
1471 1488 1822 1576 profluere5
1869 1485 2024 1551 haec
2075 1485 2152 1551 de
2199 1485 2388 1550 rebus
2435 1485 2770 1552 dicuntur:

386 1595 561 1662 fama
619 1597 879 1670 manat,
943 1613 1176 1659 nomen
1194 1639 1212 1671 ‚
1273 1592 1525 1659 malum
1545 1638 1563 1670 ‚
1627 1592 1866 1658 dicitur
1913 1591 2157 1676 aliquid
2206 1612 2284 1657 ex
2331 1592 2552 1658 eodem
2599 1593 2774 1660 fonte

384 1699 617 1785 fluere,
664 1699 773 1765 sed
818 1719 1211 1785 numquam:
1261 1699 1454 1765 homo
1502 1699 1796 1785 profluit,
1835 1705 2056 1764 manat
2095 1700 2162 1762 in
2199 1698 2526 1763 notitiam.
2572 1697 2774 1766 Aliud

386 1813 517 1883 est,
574 1807 627 1872 si
678 1808 859 1892 copia
912 1805 1223 1890 quaedam
1273 1806 1610 1872 hominum
1661 1803 1968 1890 profluere
2014 1805 2082 1868 in
2129 1803 2354 1868 urbem
2404 1802 2654 1869 dicatur
2697 1809 2774 1870 ut

386 1911 564 1978 Suet.
629 1912 793 1978 rhet.
863 1915 920 1977 1.
983 1911 1117 1978 Nec
1177 1911 1394 1978 simile
1456 1915 1555 1977 est
1612 1913 1645 1996 ς
1701 1908 1820 1974 19:
1885 1908 2096 1988 „Tum
2145 1929 2450 1994 quaeram
2497 1909 2774 1996 denique

389 2039 467 2084 ex
532 2037 657 2104 quo
718 2019 841 2083 iste
900 2019 1073 2084 fonte
1134 2023 1385 2084 senator
1447 2015 1782 2092 emanet,”
1833 2015 1944 2080 ubi
1991 2016 2192 2081 subiti
2239 2023 2305 2081 et
2350 2017 2773 2101 inexspectati

386 2125 566 2190 notio
616 2129 711 2190 est
745 2144 906 2209 quae
944 2124 1481 2190 animadvertitur
1516 2126 1585 2188 in
1620 2124 1796 2188 fonte
1835 2127 2284 2208 prorumpente
2308 2142 2380 2187 ac
2403 2121 2770 2208 prosiliente

386 2235 452 2296 et
525 2229 847 2316 praeludit
906 2232 1039 2295 iam
1106 2237 1317 2296 orator
1373 2233 1455 2295 iis
1474 2277 1489 2306 ,
1553 2249 1714 2315 quae
1771 2235 2154 2314 sequuntur:
2216 2231 2358 2306 „sin
2406 2235 2624 2294 autem
2672 2233 2770 2295 est

385 2334 631 2401 rivolus
676 2335 1012 2402 arcessitus
1064 2342 1129 2400 et
1177 2336 1407 2400 ductus
1446 2335 1527 2402 ab
1568 2337 1709 2420 ipso
1747 2337 1955 2420 capite
1997 2335 2414 2400 accusationis
2451 2335 2767 2402 vestrae.”

388 2441 657 2529 Ignotus
700 2444 825 2506 iste
872 2447 1124 2507 senator
1164 2441 1503 2508 adhibetur
1538 2448 1845 2526 tanquam
1884 2442 2384 2506 instrumentum
2423 2443 2770 2509 accusatio-

385 2550 486 2613 nis
534 2553 599 2614 et
644 2546 1024 2634 propellitur
1071 2548 1149 2614 ab
1198 2549 1694 2616 accusatoribus.
1765 2547 1865 2615 Ad
1913 2549 2050 2613 eius
2096 2545 2219 2612 loci
2265 2545 2765 2617 similitudinem

384 2654 544 2721 alter
609 2654 721 2719 ille
768 2660 881 2719 aut
928 2660 1103 2720 totus
1152 2654 1339 2722 fictus
1385 2662 1499 2721 aut
1546 2660 1842 2721 oneratus
1889 2660 2002 2719 est.
2075 2652 2330 2741 Vagum
2378 2673 2628 2739 quoque
2673 2658 2771 2720 est

382 2758 557 2823 istud
601 2763 761 2825 vitae
808 2762 993 2827 ratio.
1043 2760 1301 2827 Barwes
1345 2761 1501 2827 haec
1548 2764 1764 2826 omnia
1809 2760 2140 2825 inserenda
2187 2765 2374 2845 putat
2419 2759 2456 2843 ξ
2497 2758 2582 2825 47
2627 2765 2774 2844 post

384 2864 577 2931 verba
622 2867 907 2931 doctrina
945 2866 1209 2952 puerilis
1232 2916 1249 2943 ,
1300 2867 1408 2933 sed
1456 2888 1530 2933 eo
1578 2866 1836 2933 offensio
1884 2886 2008 2931 non
2055 2864 2328 2931 tollitur.
2397 2864 2574 2931 Haec
2621 2871 2772 2931 sunt

383 2990 505 3035 non
556 2975 811 3037 tantum
860 2991 1024 3037 vana
1070 2993 1184 3058 pro
1230 2993 1409 3038 more
1456 2970 1814 3050 Ciceronis,
1865 2973 1975 3038 sed
2023 2978 2172 3037 sunt
2219 2970 2378 3038 falsa
2425 2978 2490 3037 ει
2529 2974 2767 3057 inepta.

473 3075 536 3144 6.
590 3078 949 3159 „accusatio
994 3080 1241 3143 crimen
1289 3078 1642 3162 desiderat,
1694 3099 1830 3144 rem
1877 3084 1954 3143 ut
1994 3076 2288 3155 definiat,
2331 3076 2658 3143 hominem
2694 3081 2771 3144 ut

380 3188 593 3267 notet,
644 3189 1027 3270 argumento
1072 3184 1331 3269 probet,
1380 3190 1545 3249 teste
1589 3182 1979 3249 confirmet.”

470 3288 628 3376 Egit
697 3288 775 3355 de
834 3290 957 3356 hoc
1016 3288 1157 3355 loco
1218 3289 1399 3355 Bake
1458 3310 1557 3375 ap.
1622 3288 2058 3355 Vollenhoven
2121 3310 2184 3374 p.
2245 3288 2392 3354 100.
2443 3292 2509 3355 et
2555 3287 2769 3356 Schol-

378 3394 707 3483 Hypomn.
774 3394 869 3461 ΙΙΙ
932 3417 993 3481 p.
1046 3394 1201 3463 287.
1295 3395 1502 3462 Verba
1549 3396 1854 3463 hominem
1901 3408 1972 3461 ut
2017 3408 2182 3461 notet
2227 3415 2352 3461 non
2399 3396 2534 3461 sine
2581 3416 2772 3463 eausa

378 3506 671 3586 suspecta
727 3508 878 3567 sunt
938 3502 1135 3568 etiam
1194 3502 1516 3591 Kayser03
1568 3522 1718 3568 nam
1770 3500 2023 3567 etiamsi
2072 3506 2350 3567 oratores
2395 3522 2518 3567 non
2565 3500 2772 3569 solent

380 3608 720 3673 subsistere
757 3610 826 3672 in
872 3608 1039 3674 facto
1087 3607 1198 3674 sed
1248 3629 1455 3675 mores
1508 3610 1706 3674 etiam
1755 3628 2008 3673 reorum
2057 3614 2313 3689 notare,
2361 3614 2578 3675 tamen
2627 3629 2770 3676 eon·

382 3712 558 3779 tendi
618 3731 743 3777 non
808 3719 1055 3798 potest,
1116 3716 1254 3780 sine
1301 3715 1618 3781 eiusmodi
1660 3716 1982 3781 notatione
2029 3716 2386 3780 convitium
2427 3734 2562 3781 esse
2600 3714 2770 3801 quod

378 3817 735 3905 proferatur
753 3866 773 3901 ‚
832 3839 956 3884 non
1020 3822 1504 3887 accusationem.
1602 3820 1870 3886 Accedit
1938 3820 2106 3905 quod
2174 3820 2567 3907 interpositis
2636 3820 2772 3887 illis

379 3923 781 3991 accusativus
851 3946 980 3989 rem
1049 3945 1173 3990 non
1230 3928 1509 4009 pertinet
1564 3926 1643 3991 ad
1698 3926 1955 4016 probet,
2018 3929 2338 4013 confirmet
2361 3976 2376 3999 .
2441 3926 2552 3993 sed
2613 3926 2770 3994 haec

378 4030 573 4098 verba
636 4032 773 4097 sine
838 4029 1088 4096 obiecto
1148 4034 1353 4117 posita
1400 4038 1570 4098 sunt.
1666 4030 2145 4097 Hottomannus
2187 4054 2406 4098 nomen
2451 4046 2522 4099 ut
2567 4045 2735 4099 notet
2750 4078 2769 4111 ‚

378 4136 717 4203 Manutius
778 4138 1024 4202 nomine
1078 4150 1149 4202 ut
1208 4151 1393 4204 notet.
1486 4136 1628 4205 Hoc
1674 4145 1846 4203 recte
1872 4186 1888 4213 ,
1935 4137 2044 4204 sed
2091 4140 2326 4204 omisso
2371 4152 2461 4203 ut.
2555 4137 2772 4227 Signi-

380 4238 607 4307 ficatur
653 4244 931 4308 narratio
952 4291 971 4317 ‚
1024 4263 1249 4308 causae
1297 4245 1706 4329 constitutio,
1755 4244 2046 4329 probatio
2065 4292 2084 4325 ,
2129 4245 2450 4311 refutatio.
2514 4242 2771 4309 Descri-

382 4344 529 4409 bere
600 4346 753 4429 quid
824 4348 1071 4413 factum
1140 4350 1225 4415 sit
1298 4350 1455 4433 (rem
1518 4350 1802 4435 definire)
1867 4354 1931 4413 et
1989 4351 2248 4415 nomine
2293 4348 2590 4437 legitimo
2635 4369 2771 4415 rem

380 4458 603 4517 notare
667 4454 987 4537 pertinent
1051 4456 1240 4519 ambo
1288 4455 1369 4520 ad
1416 4456 1934 4521 constitutionem
1959 4500 1976 4530 ‚
2027 4474 2188 4539 quae
2235 4454 2502 4539 dicitur,
2553 4452 2774 4525 defini·
