3369 5142
1464 366 1686 418 Pm'ro.
2634 350 2763 417 399

443 540 549 609 79.
603 542 685 609 13
734 544 1102 624 συμβαίνειν
1682 540 2016 619 συμβαίνει

438 648 548 714 82.
599 650 677 715 11
728 648 842 717 δέοι
1682 647 1814 713 δέου

439 753 549 822 84.
596 754 683 821 27
730 757 1004 837 φήσεται
1678 754 1916 835 φήσετε

440 860 546 927 89.
598 861 685 927 20
732 863 1025 939 ἀσκήσειν
1071 861 1181 935 τὴν
1227 860 1455 943 σοφίαν
1681 862 1793 935 τὴν
1840 858 2068 941 σοφίαν
2109 878 2238 925 om.

442 966 551 1033 89.
600 966 685 1033 32
732 971 953 1051 κρήτης
1675 974 1891 1047 κρῆτες

442 1074 550 1137 91.
600 1072 689 1139 34
734 1074 1056 1156 ἀνθρώπιον
1682 1071 2036 1152 ἀνθρώπειον

444 1176 551 1243 93.
604 1179 689 1245 12
735 1206 839 1247 κεν
884 1183 993 1247 ἕαν
1681 1200 1895 1243 κενεαν
2583 1174 2594 1244 l

444 1284 552 1351 96.
600 1285 688 1351 26
733 1284 848 1357 ῶςε
893 1310 996 1366 μοι
1684 1282 1769 1350 ῶσ
1815 1286 1884 1363 γ’
1929 1283 2064 1363 ἐμοὶ

444 1391 555 1459 98.
649 1395 684 1459 1
736 1395 850 1460 ὑπὸ
898 1394 1098 1473 λόγων
1686 1391 1986 1470 ὑπόλογον

402 1497 552 1565 103.
648 1500 692 1564 4
734 1500 1085 1583 φαρμάκων
1679 1501 2087 1580 φαρμακειῶν

401 1603 551 1671 108.
601 1606 689 1673 20
732 1606 1000 1684 λέγεται
1683 1604 1912 1683 λέγετε

400 1710 549 1777 104.
600 1710 688 1778 23
732 1714 1041 1793 εἰρήσεται
1687 1711 1963 1793 ἐρήσεται

404 1815 551 1882 105.
600 1817 687 1883 26
734 1820 1020 1899 πρακτέα
1680 1818 1748 1882 οὖ
1795 1815 2078 1897 πρακτέα

400 1922 551 1989 106.
606 1924 690 1989 10
735 1924 1023 2000 δηλώσασ
1680 1924 2017 1998 δηλώσασα

399 2029 549 2095 110.
644 2029 685 2095 9
734 2016 1141 2113 διαφεροῧμεν
1680 2029 2143 2111 διαφθεροῢμεν.

485 2135 679 2203 Vides
716 2159 909 2223 quam
948 2140 1135 2204 caute
1174 2142 1239 2203 et
1272 2137 1663 2223 pedetentim
1705 2137 2006 2203 traditam
2047 2138 2382 2204 lectionem
2425 2137 2770 2203 lenissimis

396 2244 911 2309 correctiunculis
972 2244 1385 2329 expediverit.
1478 2242 1778 2328 Plerique
1837 2242 1906 2307 hi
1965 2263 2203 2310 errores
2262 2244 2565 2311 tralaticii
2623 2248 2772 2309 sunt

395 2355 460 2415 et
523 2351 842 2416 notissimi
883 2352 1180 2416 omnibus
1225 2350 1335 2435 qui
1384 2346 1657 2416 Graecos
1702 2348 1965 2415 Codices
2011 2352 2342 2415 triverunt.
2449 2349 2592 2416 Non
2633 2354 2732 2415 est
2751 2399 2770 2434 ‚

397 2458 654 2541 opinor,
726 2476 883 2542 opus
950 2458 1321 2522 testimonio
1389 2455 1700 2522 librorum
1771 2461 1844 2520 ut
1909 2475 2023 2540 pro
2093 2455 2536 2537 διαφεροῢμεν,
2603 2457 2770 2543 quod

396 2561 561 2627 nihil
623 2567 753 2638 est,
813 2562 1255 2645 διαφθεροῦμεο
1319 2564 1716 2628 restituatur.
1811 2560 2017 2643 Quam
2064 2583 2248 2648 saepe
2293 2563 2448 2630 haec
2491 2564 2657 2630 inter
2703 2585 2768 2630 se

398 2668 697 2732 confundi
757 2668 1191 2754 compluribus
1248 2668 1557 2754 exemplis
1619 2668 2015 2734 ostendimus
2029 2714 2047 2746 ,
2103 2668 2526 2754 similiterque
2570 2671 2768 2747 μαθη-

395 2779 512 2837 τῶν
561 2811 643 2821 -
694 2774 1080 2850 μαθημάτων
1130 2811 1213 2822 -
1260 2772 1557 2856 μάθησιν,
1620 2779 1688 2838 et
1747 2773 1988 2857 reliqua
2045 2778 2299 2840 tantum
2346 2796 2470 2841 non
2531 2779 2761 2841 omnia.

396 2877 1007 2948 Emendatiuneulae
1072 2879 1149 2945 de
1207 2900 1436 2966 genere
1497 2880 1617 2945 hoc
1678 2881 1928 2964 saepius
1974 2885 2037 2944 et
2083 2881 2152 2944 in
2197 2879 2456 2965 reliquis
2503 2900 2764 2968 apogra-

394 2985 539 3069 phis
603 2987 1031 3051 inveniuntur.
1117 2985 1280 3073 Pag.
1343 2983 1511 3051 3095
1571 2987 1974 3050 consentiunt
2033 2983 2090 3049 B
2139 2991 2202 3050 et
2247 2985 2302 3050 Τ
2350 2989 2417 3050 in
2461 2989 2764 3052 mendosa

393 3089 704 3156 lectione:
771 3089 907 3172 ἄρτι
971 3092 1088 3156 ἀπ’
1148 3091 1370 3156 ἐκείνου
1424 3090 1774 3170 ”Λρχομαι.
1870 3088 2159 3156 Correxit
2216 3093 2426 3158 nescio
2489 3096 2632 3177 quis
2692 3097 2759 3157 in

392 3195 556 3263 libro
614 3195 1080 3263 Vindobonensi
1116 3197 1458 3278 Ἔρχομαι.
1506 3195 1705 3263 Recte
1753 3196 1866 3263 ille
1914 3196 2174 3284 quidem
2195 3244 2212 3274 ,
2262 3198 2370 3263 sed
2419 3198 2562 3282 quis
2604 3198 2762 3264 talis

393 3324 519 3368 non
563 3306 773 3389 primo
818 3303 1047 3368 obtutu
1095 3301 1427 3370 emendet?

482 3408 969 3475 Eiusdemmodi
1014 3413 1165 3474 sunt

391 3535 539 3602 pag.
590 3513 697 3580 55.
750 3513 833 3580 15
878 3515 1089 3598 ὄρθριος
1676 3535 1790 3601 pro
1837 3513 2049 3596 ὄρθριον

438 3620 543 3688 57.
598 3619 679 3686 17
726 3617 919 3702 ἕτερος
1677 3623 1910 3699 ἑταῖρος

440 3727 545 3793 62.
648 3727 683 3792 1
734 3725 1012 3792 ἐπιδώσει
1682 3726 1959 3794 ἐπιδώσοι

440 3831 547 3898 74.
646 3832 685 3899 7
732 3834 884 3899 αὐτὸ
930 3836 1107 3908 δηλοῖ
1677 3835 1848 3900 αὐτὰ
1896 3833 2075 3909 δηλοῖ

438 3939 546 4005 79.
598 3936 685 4004 34
730 3935 841 4005 οἷδ’
887 3932 931 4005 ἃ
1673 3935 1809 4007 οἶδα

438 4045 546 4113 82.
598 4043 684 4111 30
731 4047 1063 4126 ἐγγυῶμαι
1680 4048 1888 4126 ἐγγυῶ
1936 4047 2041 4113 καὶ

398 4153 545 4219 102.
640 4150 683 4217 8
729 4152 795 4217 τί
1672 4153 1764 4219 ἔτι

396 4259 549 4325 105.
643 4258 685 4324 4
731 4258 955 4338 λέγετε
1680 4260 1948 4338 λέγεται

397 4364 547 4431 109.
643 4363 682 4430 7
730 4361 1069 4444 γνώσεσθαι
1680 4367 1983 4444 γνώσεσθε

398 4470 546 4538 109.
596 4469 685 4536 20
734 4470 899 4537 δεινὰ
1673 4473 1856 4539 δειλὰ

397 4577 541 4642 110.
641 4575 683 4641 4
727 4577 863 4662 φῆσ
908 4577 999 4644 εἰσ
1671 4579 1902 4661 φήσεισ
