3369 5142
835 1136 976 1227 DE
1032 1136 1333 1227 LOCIS
1388 1140 1852 1367 ALIIssgJRPg
1881 1140 2636 1368 &IIIIUCYDIDEIS
2693 1140 2758 1230 E

1686 1530 1893 1575 scaffen·

1316 1736 1404 1802 H.
1452 1737 1627 1805 VAN
1672 1738 2250 1806 HERWERDEN.

1606 1996 1982 2032 ’.κῃ-

698 2202 853 2287 Gap.
923 2201 979 2281 3,
1038 2206 1096 2268 1.
1162 2203 1189 2267 ὃ
1246 2202 1311 2265 δὲ
1374 2198 1629 2279 θέμενος
1695 2202 1781 2265 τὰ
1843 2197 2014 2267 ὅπλα
2061 2204 2262 2281 ἐγγὺς
2309 2204 2541 2282 κήρυκα
2587 2204 2976 2285 προσπέμπει

606 2308 1011 2392 λέγοντα,
1081 2310 1133 2372 εἷ
1200 2306 1534 2385 βούλονται
1604 2306 1827 2382 ἐξιέναι
1899 2346 1982 2357 -
2054 2310 2293 2385 ἑτοῖμος
2365 2306 2518 2374 εἶναι
2587 2310 2973 2377 σπένδεσθαι.

602 2414 985 2479 Mendosum
1046 2434 1178 2479 esse
1236 2413 1507 2491 λέγοντα
1555 2416 1711 2479 satis
1759 2420 2038 2498 constat,
2087 2416 2196 2480 sed
2240 2420 2454 2501 potius
2499 2419 2812 2504 corrigam
2861 2435 2901 2483 λ
2919 2417 2975 2481 k-

572 2503 758 2600 ’γων
824 2541 1012 2607 quam
1074 2518 1455 2599 λέξοντα,
1514 2523 1663 2606 quia
1709 2540 1864 2586 usus
1911 2519 2396 2610 Thucydidem,
2445 2524 2570 2588 nisi
2613 2522 2834 2603 fallor,
2881 2526 2976 2589 ita

602 2627 956 2714 postularet
1022 2629 1397 2708 ἐροῦντα,
1470 2627 1635 2712 quod
1707 2627 1964 2715 longius
2033 2630 2209 2693 abest
2278 2649 2316 2694 a
2387 2629 2623 2694 tradita
2683 2630 2973 2696 lectione.

602 2735 772 2800 Male
820 2755 965 2801 oum
1011 2734 1073 2798 h.
1100 2735 1143 2799 1.
1194 2741 1595 2820 comparatur
1638 2731 1734 2797 III
1777 2733 1884 2816 53,
1924 2733 1988 2810 2,
2030 2734 2142 2798 ubi
2180 2735 2230 2798 εἰ
2271 2755 2396 2800 non
2431 2741 2527 2800 est
2551 2735 2975 2801 conditionale

601 2842 711 2906 sed
772 2843 1328 2928 interrogativum.
1421 2839 1521 2904 Ibi
1583 2839 1854 2916 λέγοντα
1909 2861 2043 2906 esse
2088 2841 2407 2928 glossema
2453 2842 2619 2906 vidit
2663 2841 2970 2908 Badham.

602 2944 702 3013 Cf.
764 2947 862 3014 ed.
926 2967 1087 3013 mea.
1192 2947 1336 3012 Mox
1400 2947 1433 3032 ξ
1482 2947 1525 3010 4
1571 2946 1748 3024 μέρος
1797 2945 1862 3011 δέ
1908 2971 1968 3011 τι
2015 2947 2284 3030 πέμψας
2332 2949 2475 3027 πρὸς
2524 2948 2622 3030 [τὸ
2668 2948 2967 3035 φρούριον]

602 3054 671 3117 τὸ
719 3052 1063 3130 Λάβδακον
1110 3055 1289 3133 αἱρεῖ.
1384 3053 1726 3118 Abioiatur
1772 3051 2108 3118 emblema.

691 3159 846 3246 Gap.
893 3161 959 3234 4,
1010 3163 1063 3224 1.
1134 3161 1253 3224 Καὶ
1300 3161 1470 3236 μετὰ
1518 3164 1729 3222 ταῦτα
1775 3157 2074 3240 ἐτείχιζον
2120 3161 2171 3224 οἱ
2220 3158 2578 3240 Συρακόσιοι
2629 3199 2712 3210 -
2759 3172 2971 3243 τεῖχος

601 3269 869 3351 ἁπλοῦν,
934 3263 1093 3338 ’ὅπως
1154 3269 1207 3330 οἱ
1270 3263 1585 3340 Ἀθηναῖοι
1653 3267 1732 3350 [εἰ
1781 3268 1868 3342 μὴ
1917 3266 2189 3331 δύναιντο
2239 3267 2540 3354 κωλῦσαι]
2595 3267 2817 3343 μηκέτι
2866 3265 2975 3334 οἷοί

601 3399 673 3439 τε
722 3372 861 3438 ὦσιν
907 3375 1333 3452 ἀποτειχίσαι.
1419 3372 1735 3458 Lepidum
1783 3379 1973 3457 eaput
2019 3373 2210 3438 fuerit
2253 3393 2500 3438 necesse
2545 3382 2641 3439 est
2685 3379 2974 3460 quicum-

600 3503 722 3567 que
794 3481 869 3545 de
938 3501 1053 3546 suo
1124 3479 1370 3544 addidit
1427 3479 1623 3544 verba
1684 3479 1736 3542 εἷ
1787 3515 1872 3526 —-
1919 3483 2212 3544 κωλῦσαι.
2305 3478 2499 3559 Quasi
2564 3500 2714 3546 vero
2762 3489 2974 3547 metus

600 3593 763 3653 esset
806 3606 886 3651 ne
930 3585 1091 3651 forte
1127 3583 1325 3649 leotor
1362 3586 1783 3661 existimaret,
1828 3605 1897 3648 ea
1939 3606 2006 3649 re
2047 3585 2392 3670 impedita,
2434 3605 2556 3650 non
2597 3588 2675 3650 ad
2713 3589 2969 3653 irritum

598 3712 894 3758 casurum
958 3711 1091 3756 esse
1136 3688 1677 3776 Syracusanorum
1726 3688 2083 3755 consilium.
2134 3690 2510 3774 Nunquam,
2565 3694 2812 3776 opinor,
2861 3694 2970 3758 ho-

598 3799 803 3865 mines
846 3800 1222 3884 ignorarunt
1267 3806 1524 3859 cenante
1568 3818 1750 3859 cauea
1795 3817 2020 3860 cessare
2063 3799 2346 3882 effectius.
2417 3796 2601 3862 Idem
2647 3804 2760 3863 aut
2804 3797 2970 3864 alius

595 3926 711 3971 sua
790 3905 1149 3968 immiscuit
1216 3904 1373 3986 ipsis
1444 3902 1854 3986 sequentibus
1921 3903 2125 3967 hisce:
2198 3902 2304 3967 καὶ
2373 3900 2436 3968 οἵ
2495 3927 2567 3968 τε
2641 3901 2966 3980 Ἀθηναῖοι

594 4010 1067 4088 ἀνεβεβήκεσαν
1114 4008 1221 4085 ἤδη
1270 4005 1425 4086 ἅνω,
1476 4007 1545 4071 τὸ
1598 4007 1700 4072 ἐπὶ
1750 4005 2051 4088 θαλάσσῃ
2089 4018 2298 4089 τεῖχος
2343 4009 2812 4082 ἐπιτελέσαντες
2855 4011 2960 4075 καὶ

595 4123 625 4181 ὅ
672 4117 987 4188 Γύλιππος
1039 4109 1133 4203 (ἦν
1180 4113 1306 4192 γάρ
1352 4137 1411 4177 τι
1464 4115 1614 4199 [τοῖς
1668 4111 2053 4198 Ἀθηναίοις]
2098 4121 2204 4181 τοῦ
2248 4115 2492 4195 τείχους
2534 4117 2803 4203 ἀσθενὲς)
2833 4141 2969 4183 νυκ-

595 4223 697 4295 τὸς
762 4221 1102 4299 ἀναλαβὼν
1161 4222 1271 4294 τὴν
1332 4221 1590 4298 ςρατιαν
1654 4221 1825 4302 ἐπῄει
1867 4221 2009 4298 πρὸς
2053 4220 2227 4286 αὐτό.
2322 4219 2504 4286 Satin
2551 4223 2966 4288 manifestum

594 4336 729 4396 erat
744 4379 763 4413 ‚
835 4331 946 4413 qui
1012 4348 1236 4392 murus
1307 4323 1818 4412 significaretur?
1887 4331 1982 4392 An
2056 4327 2405 4414 Gylippum
2467 4328 2718 4394 infestis
2765 4332 2967 4417 signis

593 4435 1136 4526 Syracusanorum
1183 4435 1587 4498 munimenta
1630 4435 1936 4518 petivisse
1978 4431 2207 4518 putas?
