3369 5142
605 304 736 370 434
1600 325 1984 376 rsnsuma

603 496 887 567 πηλίνους
950 496 1310 576 ἀνδριάντας
1374 500 1526 565 novi
1550 548 1564 575 ,
1632 501 1738 564 sed
1804 499 2044 564 fiuntne
2107 501 2302 564 etiam
2349 518 2492 563 arae
2539 518 2616 563 ex
2661 496 2801 562 luto
2845 499 2980 564 sive

603 601 835 689 argilla
901 610 964 667 et
1025 604 1077 667 si
1139 600 1321 678 fient,
1372 625 1485 667 cur
1530 626 1746 669 mures
1793 626 1896 670 eas
1944 602 2288 669 adrodent?
2335 605 2549 669 Mures
2597 610 2812 668 autem
2860 626 2978 667 τοι·
3031 682 3042 693 .

598 708 872 788 χωρύχοι
944 718 1093 774 sunt
1162 716 1225 774 et
1297 710 1657 794 perfodiunt
1721 714 2007 796 parietes.
2074 713 2340 791 Τοίχους
2407 712 2729 789 διορύττειν
2796 730 2978 795 saepe

600 814 871 902 legitur,
920 816 1123 881 veluti
1174 816 1340 900 apud
1390 816 1585 881 Arist.
1639 816 1814 881 Plut.
1866 817 2032 881 565:

691 922 853 986 πάνυ
902 924 1023 1000 γὰρ
1072 923 1360 987 κλέπτειν
1406 923 1651 1000 κόσμιόν
1698 926 1822 991 ἐςιν
1869 926 1972 989 καὶ
2022 923 2160 995 τοὺς
2210 924 2456 1004 τοίχους
2506 922 2847 1002 διορύττειν.

599 1027 828 1094 Suidas
899 1033 1008 1114 qui
1032 1078 1045 1105 ‚
1108 1030 1273 1114 quod
1334 1050 1473 1093 raro
1536 1028 1640 1106 fit,
1707 1051 1872 1093 nunc
1938 1031 2196 1115 quidem
2261 1029 2586 1094 meliorem
2637 1028 2976 1095 lectionem

601 1137 855 1201 exhibet
926 1158 1117 1221 quam
1191 1136 1462 1200 Photius
1534 1156 1723 1219 quem
1795 1136 2128 1213 describit,
2203 1136 2416 1216 τοίχου
2489 1137 2636 1209 ὀπὴν
2701 1132 2978 1220 appellat

598 1242 1049 1322 τοιχωρύχημοι
1096 1251 1329 1319 γαλῆς.
1427 1241 1547 1305 Sed
1595 1242 1748 1325 quid
1797 1240 2022 1327 plura?

1048 1348 1124 1411 ἂν
1170 1352 1291 1424 μῦς
1341 1345 1572 1427 διορύξῃ
1620 1356 1908 1429 τοῖχον
1957 1348 2102 1412 ὄντος
2152 1353 2433 1421 πήλινον·

599 1457 719 1522 hoc
780 1455 1109 1543 intelligo:
1162 1454 1387 1519 deinde
1432 1456 1749 1539 perforato
1799 1458 2039 1539 pariete
2085 1459 2262 1522 venit
2307 1478 2454 1521 mus
2499 1457 2566 1519 in
2611 1454 2979 1541 granarium

596 1565 813 1648 ibique
874 1565 1119 1627 invenit
1180 1582 1305 1626 non
1375 1558 1654 1624 θύλακον
1717 1562 2001 1641 ἀλφίτων
2053 1563 2329 1646 (uss-dv),
2380 1562 2488 1627 sed
2537 1558 2812 1624 θύλακον
2861 1561 2977 1623 οέλ-

598 1669 885 1751 φιτηρέν·
955 1670 1125 1735 hunc
1195 1669 1433 1733 arrodit
1502 1675 1567 1732 et
1636 1672 2058 1753 superstitiosi
2131 1672 2420 1735 homines
2481 1674 2846 1753 portentum
2908 1654 2973 1731 id

599 1798 731 1842 esse
793 1780 1177 1842 existimant.
1278 1774 1442 1855 Quid
1509 1780 1722 1839 autem
1785 1776 2065 1860 proderit
2120 1776 2333 1853 βωμὸν
2380 1772 2748 1855 διορύττεινῖ
2793 1772 2975 1839 Nihil

600 1884 925 1948 conditum
973 1890 1217 1967 servat,
1267 1902 1391 1967 quo
1437 1900 1583 1945 mus
1634 1886 1942 1947 vescatur.
1991 1882 2261 1947 Babrius
2309 1886 2590 1969 scripsit:

1049 1994 1266 2066 ἀπῆγε
1312 1986 1415 2050 τὸν
1459 1992 1583 2063 μῦν
1630 1989 1732 2050 τὸν
1781 1987 2079 2065 γεηπόνον
2127 1990 2350 2060 πείσας

1042 2098 1123 2168 εἷς
1176 2092 1330 2160 οἷκον
1377 2090 1585 2157 ἐλθεῖν
1646 2094 1762 2157 ὑπό
1809 2118 1878 2158 τε
1928 2104 2137 2173 τοῖχον
2185 2092 2524 2176 ἀνθρώπου.

597 2205 670 2270 Id
714 2208 1003 2289 superest
1048 2203 1296 2285 videre,
1350 2199 1665 2285 quomodo
1713 2209 1921 2280 τοῖχον
1968 2204 2034 2265 in
2083 2202 2294 2279 βωμὸν
2342 2204 2514 2267 abire
2559 2204 2859 2285 potuerit.

683 2414 758 2476 Ρ.
824 2411 954 2477 618
1017 2411 1383 2477 Meinekius
1440 2413 1663 2475 incerti
1713 2416 1932 2495 poetae
1979 2412 2418 2476 testimonium
2468 2432 2503 2474 e
2551 2407 2830 2474 Diodoro
2876 2406 2971 2471 Si-

596 2520 739 2585 culo
808 2519 985 2585 affert
1046 2519 1124 2583 de
1185 2514 1551 2583 Charondae
1615 2515 1761 2604 lege
1783 2564 1798 2595 ,
1859 2538 1937 2582 ne
2000 2520 2144 2602 quis
2189 2515 2406 2582 liberis
2455 2517 2589 2582 suis
2635 2536 2970 2582 novercam

595 2628 806 2692 daret:
854 2635 979 2691 tres
1024 2628 1328 2711 postremi
1376 2645 1594 2689 versus
1636 2627 1730 2689 ita
1778 2625 2075 2689 audiunt:

956 2731 1067 2798 εἴτ’
1117 2732 1419 2810 ἐπέτυχες
1467 2731 1628 2815 γάρ,
1675 2740 1866 2812 φησι,
1911 2735 2131 2810 γήμας
2181 2731 2252 2795 τὸ
2295 2729 2572 2812 πρότερον

954 2842 1256 2918 εὐημερῶν
1304 2837 1875 2903 κατάπαυσον·
1927 2838 2038 2902 εἴτ’
2081 2841 2184 2903 οὐκ
2225 2839 2554 2918 ἐπέτυχες,

954 2946 1208 3023 μανικὸν
1257 2945 1325 3008 τὸ
1372 2953 1588 3024 πεῖραν
1638 2944 1920 3024 δευτέρας
1971 2945 2197 3023 λαβεῖν
2246 2946 2458 3008 πάλιν.

592 3053 951 3122 Meinekius
996 3073 1109 3137 pro
1155 3051 1562 3116 κατάπαυσον
1610 3053 1968 3133 suspicatur
2011 3050 2352 3138 legendum
2407 3073 2540 3116 esse
2586 3050 2967 3115 κατάλυσον·

593 3163 883 3249 equidem
942 3161 1289 3224 incideram
1344 3159 1406 3223 in
1478 3157 1948 3240 ἀγάπησον,
2013 3159 2179 3243 quod
2239 3159 2386 3224 vide
2432 3179 2510 3224 an
2555 3163 2849 3244 praestet.
2898 3157 2972 3222 P.

595 3271 727 3336 642
796 3292 874 3335 ex
936 3267 1263 3355 Hesychio
1326 3265 1609 3330 affertur:
1679 3265 2166 3345 κυνόφωλοι·
2215 3263 2506 3345 Κορίνθιοι
2554 3265 2788 3342 φυλή.
2837 3265 2976 3329 Pri-

592 3401 777 3444 mum
840 3397 987 3442 cum
1046 3371 1371 3438 Meinekio
1432 3375 1942 3451 κυνόφοιλλοι
2007 3375 2307 3448 restituo,
2360 3372 2582 3436 deinde
2631 3379 2747 3436 sub
2794 3376 2966 3451 Φυλή

592 3486 787 3552 latere
836 3485 1135 3548 dixerim:
1190 3483 1206 3543 ἱ
1231 3479 1671 3560 θύφοιλλοι.
1727 3476 1801 3543 Ρ.
1851 3477 1982 3542 652
2030 3483 2346 3544 senarium
2395 3481 2489 3542 ita
2535 3477 2827 3565 suppleo:

952 3590 1085 3665 βοιὺ
1132 3586 1266 3664 βοιὺ
1314 3585 1692 3673 (βαΰζων)
1747 3585 1850 3650 καὶ
1905 3587 2072 3657 κυνὸς
2123 3585 2326 3666 φωνὴν
2373 3585 2507 3654 ἱείς.

591 3702 665 3767 Ρ.
721 3695 853 3761 654
900 3695 1154 3761 affertur
1200 3691 1581 3758 versiculus:

964 3802 1167 3879 ἤμην
1215 3801 1355 3864 ποτ’
1405 3800 1614 3877 ἥμην
1660 3807 1778 3864 τῶν
1825 3797 2219 3880 σφριγῶντων
2267 3800 2327 3861 ἐν
2373 3798 2598 3875 λόγοις.

591 3915 968 3986 Favorinus,
1033 3911 1141 3973 cui
1189 3907 1401 3972 locum
1452 3907 1789 3983 debemus,
1842 3905 2060 3971 attulit
2108 3911 2360 3992 propter
2406 3928 2546 3972 eam
2594 3909 2797 3992 ipsam
2847 3907 2970 3972 for-

593 4041 771 4086 mam
821 4017 1013 4094 ἥμην,
1063 4015 1205 4092 sed,
1256 4017 1310 4078 si
1355 4017 1510 4078 satis
1558 4015 1857 4098 antiquus
1904 4033 2121 4078 versus
2168 4019 2290 4091 est,
2331 4014 2537 4079 malo:
2585 4013 2784 4090 ἦμεν
2831 4018 2967 4079 ποτ’

594 4122 631 4200 ἦ
646 4151 821 4204 μεν,
872 4129 947 4188 ut
992 4125 1059 4187 in
1106 4120 1558 4206 Spartanorum
1608 4118 1958 4196 cantilena,
2009 4119 2414 4185 Proverbium
2467 4142 2526 4206 p.
2581 4119 2739 4185 650:

1048 4229 1199 4309 πεζῇ
1248 4226 1604 4307 βαδίζω,
1652 4234 1770 4288 νεῖν
1817 4227 1942 4305 γὰρ
1993 4228 2096 4289 οὐκ
2146 4227 2500 4310 ἐπίςοι,αοιι.,

592 4342 697 4408 vel
756 4361 912 4427 puer
958 4337 1269 4424 corrigat,
1322 4356 1469 4399 nam
1516 4332 1740 4414 βάδιζε
1790 4337 2132 4417 requiritur
2194 4341 2267 4399 ut
2313 4335 2481 4420 apud
2529 4335 2684 4400 alios
2729 4335 2972 4425 legitur

592 4447 745 4536 πεζῇ
806 4445 1085 4528 πορεύου,
1150 4463 1273 4508 non
1335 4445 1683 4523 πορεύομαι.
1743 4440 1884 4504 Non
1955 4445 2204 4525 scripsit
2248 4441 2652 4528 Phrynichus
2699 4464 2799 4529 ap.
2846 4445 2964 4511 Bk.
