3369 5142
1363 340 1789 400 mmmm.
2456 434 2463 441 δ
2640 314 2769 398 163

383 542 568 609 saepe
611 522 783 588 iusto
830 527 928 589 est
967 522 1246 606 brevior)
1295 521 1632 605 impulisse
1671 519 1931 587 videtur
1966 526 2043 586 ut
2080 526 2193 588 aut
2230 519 2769 607 transponendum

381 629 624 695 iudicet
688 628 1110 709 προύπεμψαν
1169 626 1446 692 πλεῦσαί
1504 650 1575 690 τε
1627 626 1687 699 ἐς
1738 625 1841 690 τὸν
1888 626 2099 704 μέγαν
2147 628 2377 708 λιμένα
2423 632 2537 694 aut
2582 630 2774 693 corri-

380 734 669 823 gendum
750 737 1165 813 περιπλεῦσαι
1239 734 1336 818 (ut
1402 732 1489 795 ibi
1555 732 2175 820 circumnaviqarent).
2269 733 2485 799 Tertia
2555 737 2771 798 tamen

382 846 581 907 restat
641 840 1023 907 emendandi
1078 842 1186 905 via
1201 886 1219 917 ,
1269 858 1429 923 quae
1473 840 1544 902 in
1591 837 1713 903 hoc
1756 842 2131 923 praesertim
2180 844 2485 927 scriptore
2532 839 2772 906 emble-

383 950 580 1013 matis
636 967 826 1014 omne
870 966 1075 1034 genus
1120 943 1638 1029 inquinatissimo
1683 942 1819 1009 illis
1862 945 2251 1030 probabilior
2286 946 2493 1013 videri
2537 948 2769 1031 possit,

383 1059 460 1118 ut
507 1053 836 1120 deleantur
881 1053 1076 1118 verba
1121 1051 1398 1115 πλεῦσαί
1443 1074 1515 1115 τε
1562 1049 1691 1115 καί.

473 1158 564 1225 Vl
627 1158 712 1224 52
774 1160 812 1244 ξ
862 1158 922 1225 1.
969 1156 1590 1237 Ἐσηγγέλλετο
1640 1156 1700 1219 δ’
1746 1158 1959 1231 αὐτοῖς
2008 1155 2079 1222 ἔκ
2122 1182 2195 1222 τε
2242 1159 2640 1238 Καμαρίνης,
2691 1158 2767 1229 ὥς

383 1268 436 1331 εἰ
487 1264 744 1341 ἔλθοιεν,
793 1272 1199 1347 προσχωροῒεν
1247 1263 1324 1328 ὃιν
1365 1298 1452 1311 —-
1491 1260 1715 1344 ἀπάση
1760 1259 1859 1328 οὖν
1904 1273 1982 1346 τῇ
2028 1271 2253 1347 ςρατιᾷ
2303 1262 2769 1344 παρέπλευσαν.

383 1369 482 1437 De
550 1373 784 1437 crebris
849 1373 1096 1436 nuntiis
1165 1369 1431 1436 eandem
1494 1388 1632 1434 rem
1691 1370 2137 1436 nuntiantibus
2198 1372 2311 1437 vix
2356 1368 2773 1454 probabiliter

382 1478 785 1564 cogitaveris.
881 1476 1122 1559 Quidni
1183 1477 1392 1563 igitur
1451 1478 1721 1560 scriptor
1784 1478 2121 1562 usurpavit
2180 1478 2511 1542 Aoristum
2585 1477 2771 1554 ἐσηγ-

382 1581 618 1661 γέλδηῖ
711 1583 912 1666 Quia,
978 1585 1106 1648 nisi
1170 1582 1393 1657 fallor,
1461 1581 1721 1647 dederat
1784 1582 2299 1666 ἕσήγγελτο,
2360 1602 2521 1667 quae
2565 1581 2771 1649 forma

382 1709 419 1754 a
463 1689 746 1756 librariis
791 1710 942 1756 cum
983 1689 1363 1775 Imperfecto
1410 1687 1713 1753 confundi
1759 1685 2013 1754 assolet.
2060 1687 2365 1753 Nuntium
2400 1695 2767 1774 acceperant,

381 1802 588 1883 itaque
633 1801 786 1862 cett.

473 1900 570 1969 VI
617 1901 725 1979 53,
779 1900 838 1967 1.
889 1902 994 1968 καὶ
1045 1896 1623 1978 καταλαμβάνουσι
1667 1900 1781 1975 τὴν
1829 1898 2231 1975 Σαλαμινίαν
2288 1898 2491 1986 [ναῦν]
2540 1899 2609 1963 ἐκ
2654 1904 2772 1963 τῶν

383 2006 662 2084 ’Λθηνῶν
727 2009 992 2085 ἤκουσαν
1045 2007 1151 2073 ἐπί
1209 2032 1280 2072 τε
1344 2005 1764 2083 Ἀλκιβιάδην
1825 2006 1927 2091 [ὥς
1975 2006 2381 2077 κελεύσοντας
2427 2006 2767 2091 ἀποπλεῖν]

385 2117 449 2187 ἐς
521 2117 876 2193 ἀπολογίαν
945 2111 1021 2180 ὧν
1084 2117 1118 2189 ἦ
1183 2113 1362 2187 πόλις
1425 2113 1743 2191 ἐνεκάλει,
1810 2111 1916 2177 καὶ
1978 2113 2075 2177 ἐπ’
2122 2112 2355 2185 ἄλλους
2400 2113 2576 2185 τινάς
2622 2119 2769 2177 τῶν

385 2228 852 2302 ςρατιωτῶν
918 2226 1037 2288 τῶν
1101 2222 1246 2297 μετ’
1309 2222 1537 2294 αὐτοῦ,
1603 2216 2044 2297 μεμηνυμένων
2106 2224 2241 2299 περὶ
2301 2225 2419 2284 τῶν
2467 2218 2770 2298 μυςηρίων

387 2330 462 2401 ὥς
533 2327 924 2407 ἀσεβούντων
949 2380 963 2404 ,
1037 2332 1152 2392 τῶν
1223 2325 1284 2390 δὲ
1350 2324 1455 2390 καὶ
1519 2323 1653 2404 περὶ
1728 2326 1846 2389 τῶν
1923 2326 2180 2405 Ἑρμῶν.
2274 2322 2537 2390 Seclusa
2602 2329 2775 2390 recte

387 2434 626 2503 delevit
693 2433 1000 2509 Cobetus,
1075 2432 1185 2499 sed
1250 2452 1375 2498 non
1445 2433 1662 2496 minus
1728 2436 1899 2497 recte
1968 2438 2086 2497 τῶν
2152 2436 2501 2511 ςρατιωτῶν
2570 2451 2775 2517 nuper

385 2540 775 2608 Badhamus.
869 2540 944 2607 In
1005 2538 1414 2626 sequentibus
1476 2536 1887 2623 ambigebam
1948 2542 2173 2604 utrum
2234 2557 2409 2604 more
2452 2540 2654 2606 nostri
2708 2544 2777 2604 et

387 2650 818 2733 antiquiorum
867 2647 1308 2712 rescriberem:
1358 2643 1800 2724 μεμηνυμένων
1846 2650 1991 2724 (τῶν
2036 2645 2177 2723 μὲν)
2227 2645 2363 2725 περὶ
2412 2651 2531 2710 τῶν
2577 2667 2775 2722 uven-

390 2752 522 2833 ρίαν
584 2753 716 2819 κτὲ.
779 2773 858 2818 an
920 2751 1359 2831 μεμηνυμένων
1411 2753 1490 2823 ὥς
1539 2749 1965 2834 ἀσεβούντων,
2015 2748 2245 2816 deletis
2288 2751 2587 2816 omnibus
2630 2751 2777 2816 reli-

389 2861 534 2943 quis
552 2906 568 2936 ‚
617 2863 694 2923 nt
740 2858 998 2924 scholiis
1043 2858 1123 2924 ad
1167 2859 1338 2922 hunc
1382 2856 1624 2923 locum.
1716 2855 1843 2922 Sed
1889 2877 1969 2922 ne
2021 2858 2114 2922 sic
2160 2857 2421 2942 quidem
2461 2856 2641 2923 locus
2679 2861 2777 2922 est

390 2969 778 3049 persanatus.
875 2963 1017 3028 Etsi
1077 2965 1246 3028 enim
1293 2964 1564 3028 minime
1609 2983 1758 3027 sum
1802 2965 2066 3049 ignarus
2112 2983 2297 3047 saepe
2343 2960 2543 3028 Thuc.
2594 2983 2780 3027 usur-

387 3091 540 3158 pare
601 3071 980 3159 genetivum
1043 3069 1410 3136 absolutum
1434 3118 1449 3145 ,
1519 3070 1633 3134 ubi
1692 3068 1921 3134 Latine
1965 3068 2326 3154 postuletur
2370 3069 2543 3134 idem
2594 3089 2777 3135 casus

389 3180 500 3264 qui
557 3179 1006 3264 praecesserit3
1075 3176 1181 3240 hic
1244 3181 1462 3240 tamen
1507 3173 1689 3240 locus
1734 3177 1829 3242 ita
1875 3179 2279 3259 comparatus
2328 3181 2425 3240 est
2472 3180 2545 3240 ut
2588 3195 2779 3241 nemo

386 3283 587 3351 lector
629 3305 776 3372 gen.
823 3303 948 3349 non
993 3285 1224 3369 iungat
1269 3301 1420 3347 cum
1465 3284 1853 3369 praegressis
1900 3282 2019 3345 τῶν
2067 3283 2211 3358 μετ’
2259 3283 2473 3347 αὐτοῦ.
2573 3281 2779 3361 Quare

385 3393 811 3458 necessarium
850 3390 1159 3475 putabam
1199 3386 1664 3467 μεμηνυμένους
1693 3423 1775 3436 -
1801 3389 1879 3460 ὤς
1917 3387 2334 3466 ἀσεβοῦντας,
2370 3392 2667 3471 corrupta
2700 3386 2780 3452 ab

389 3515 462 3562 eo
531 3498 644 3581 qui
705 3517 774 3562 re
833 3517 986 3564 vera
1049 3517 1198 3562 cnm
1259 3501 1377 3560 τῶν
1439 3497 1585 3572 μετ’
1635 3496 1827 3559 αὐτοῦ
1874 3515 1989 3580 per
2030 3512 2307 3560 errorem
2356 3493 2779 3560 coniunxerit.

391 3600 560 3680 Quid
598 3622 784 3679 vern,
832 3605 888 3668 si
937 3603 1132 3670 verba
1175 3600 1619 3681 μεμηνυμένων
1666 3599 1803 3680 περὶ
1850 3603 1969 3665 τῶν
2009 3600 2315 3680 μυςηρίων
2351 3602 2431 3674 ὥς
2475 3599 2781 3678 ἀσεβούν-

387 3729 542 3790 των,
608 3713 724 3772 τῶν
787 3708 848 3774 δὲ
913 3707 1018 3774 καὶ
1084 3708 1217 3790 περὶ
1283 3713 1401 3772 τῶν
1465 3713 1703 3788 Ἑρμῶν
1765 3709 2092 3794 integrum
2142 3705 2458 3772 scholium
2504 3706 2781 3772 suntad

388 3809 792 3900 praegressa?
837 3813 1020 3880 Nihil
1067 3833 1140 3881 eo
1188 3813 1523 3898 docemur,
1572 3815 1701 3879 nisi
1746 3813 1915 3898 quod
1953 3815 2267 3898 interpres
2304 3812 2545 3878 discere
2567 3814 2783 3898 potuit

389 3939 470 3984 ex
527 3921 688 4005 ipsis
745 3920 1193 4004 sequentibus:
1257 3921 1310 3985 οἱ
1372 3919 1499 4001 γὰρ
1563 3917 1923 3994 Ἀθηναῖοι,
1992 3919 2199 3994 ἐπειδὴ
2262 3921 2297 3995 η
2347 3918 2577 3999 ςρατιὰ
2624 3917 2785 3986 ἀπέ-

391 4039 698 4110 πλευσεν,
769 4026 934 4091 οὐδὲν
1009 4022 1184 4102 ἧσσον
1255 4023 1596 4106 ζήτησιν
1683 4026 2110 4091 ἐποιοῦντο
2194 4031 2345 4090 τῶν
2427 4027 2608 4107 περὶ
2680 4027 2779 4091 τά

390 4131 745 4212 μυςήρια
795 4132 1124 4197 καὶτῶν
1173 4133 1353 4213 περὶ
1402 4135 1588 4205 τοὺς
1637 4135 1937 4212 Ἑρμᾶς
1984 4130 2521 4217 &peccunt-av,
2566 4133 2671 4198 καὶ
2714 4132 2783 4196 οὔ

393 4237 819 4318 δοκιμάζοντες
884 4239 1026 4312 τοὺς
1092 4262 1244 4316 μην
1265 4239 1490 4312 υτάς.
1554 4237 1682 4304 nea-2.
1780 4237 1989 4319 Quare
2048 4236 2265 4303 locum
2331 4239 2423 4302 sic
2468 4237 2781 4303 scribam:

395 4344 501 4411 καὶ
543 4345 1038 4426 καταλαμβάνει
1086 4348 1196 4422 τὴν
1237 4347 1642 4424 Σαλαμινίαν
1681 4347 1752 4410 ἐκ
1791 4351 1909 4410 τῶν
1946 4341 2227 4419 Ἀθηνῶν
2268 4341 2528 4420 ἥκουσαν
2572 4344 2678 4408 ἐπί
2713 4365 2785 4408 τε

395 4451 809 4533 Ἀλκιβιάδην
835 4503 850 4531 ,
919 4453 978 4526 ἐς
1043 4451 1396 4530 ἀπολογίαν
1441 4447 1516 4517 ὧν
1565 4453 1600 4528 ἡ
1649 4450 1831 4526 πόλις
1880 4449 2197 4526 ἐνεκάλει,
2247 4449 2352 4515 καὶ
2400 4450 2500 4516 ἐπ’
2546 4448 2790 4528 ἄλλους·
