3369 5142
554 293 689 360 360
1570 311 1920 362 conflamus

642 485 891 553 Ultima
938 486 1188 550 uncinis
1230 484 1494 552 inclusit
1544 489 1615 551 ut
1660 484 2179 570 praecedentium
2222 485 2889 570 interpretamentum.

642 696 832 764 Attio.
905 697 986 762 X.
1042 699 1107 762 1:
1172 710 1243 762 ut
1300 694 1613 763 Antonius
1660 699 1846 764 rediit
1889 701 1982 762 in·
2009 697 2270 762 Italiam
2316 719 2491 762 nemo
2539 719 2662 762 non
2707 719 2934 782 maqno

550 808 615 870 in
670 805 943 894 periculo
988 803 1272 868 Atticum
1308 813 1581 890 putanat
1618 817 1888 892 propter
1931 806 2221 868 intimam
2256 803 2770 890 familiaritatem
2825 800 2932 868 Gi-

550 914 782 978 ceronis
836 923 893 976 et
939 909 1159 974 Bruti.

640 1017 788 1083 Una
830 1017 1091 1083 literula
1136 1021 1389 1082 mutata
1433 1019 1753 1102 rescripsit
1791 1029 2084 1104 putanat.

643 1227 834 1294 Attio.
884 1227 971 1294 X.
1021 1227 1098 1292 4:
1146 1228 1359 1293 multis
1397 1227 1788 1293 hortantibus
1827 1240 2031 1292 tamen
2071 1224 2271 1293 Attici
2303 1249 2540 1292 memor
2569 1227 2708 1313 fuit
2731 1228 2930 1314 officii.

640 1335 1025 1402 Emendavit
1086 1334 1565 1399 unaco-tentibus
1587 1381 1603 1410 ,
1667 1333 1837 1419 quod
1899 1354 2126 1400 verum
2195 1353 2328 1399 esse
2389 1353 2654 1418 sequens
2715 1349 2934 1398 um

550 1441 849 1508 declarat.
943 1439 1273 1506 Sententia
1335 1443 1505 1504 enim
1572 1440 1906 1506 manifesto
1965 1440 2121 1506 haec
2168 1445 2299 1506 est:
2350 1454 2706 1516 eumenus
2752 1438 2937 1502 multi

550 1548 1035 1615 dehortabantur
1080 1563 1297 1612 'mm
1342 1543 1542 1612 Attici
1584 1569 1820 1613 memor
1855 1547 1996 1633 fuit
2043 1547 2242 1633 officii.

642 1758 837 1828 Attio.
886 1761 998 1825 XI.
1051 1759 1120 1825 6:
1171 1762 1265 1826 hic
1300 1762 1468 1848 facit
1514 1776 1583 1828 ut
1611 1747 1764 1828 *vere
1809 1764 2042 1828 dietum
2090 1763 2408 1828 videatur.-

825 1865 941 1932 Sui
985 1870 1197 1954 cuique
1238 1889 1438 1933 mores
1472 1871 1732 1956 finyunt
1768 1869 2110 1956 fortunam
2141 1867 2614 1962 [hominibusJ.

642 1972 970 2057 Expunxit
1040 1973 1417 2050 hominibus,
1491 1974 1659 2059 quod
1721 1979 1865 2059 post
1929 1977 2028 2038 sui
2085 1990 2318 2049 omem!
2379 1976 2594 2059 inepte
2640 1975 2932 2040 additum

551 2083 663 2144 est.
720 2079 794 2144 cf.
848 2077 1029 2144 XIX.
1086 2081 1159 2142 1:
1212 2101 1422 2144 rerum
1467 2081 1759 2168 exemplis
1808 2081 2050 2145 lectores
2097 2081 2438 2146 docebimus
2484 2119 2552 2129 —-
2618 2105 2758 2145 euos
2805 2083 2933 2146 eui-

548 2207 662 2270 que
707 2208 904 2250 mores
942 2185 1307 2272 plerumque
1350 2186 1671 2251 conciliare
1706 2188 2064 2273 fortunam.

642 2395 831 2462 Attio.
882 2395 1054 2461 XIII.
1107 2397 1178 2461 2:
1230 2400 1436 2484 ipsum
1486 2410 1709 2461 tectum
1755 2400 2098 2484 antiquitus
2135 2401 2532 2463 constitutum
2567 2399 2716 2485 plus
2748 2416 2933 2465 SALIS

546 2525 737 2590 quam
788 2515 1031 2568 sumtus
1077 2502 1349 2568 habebat.

636 2608 1057 2675 Consentiunt
1137 2630 1356 2675 omnes
1424 2612 1573 2676 salis
1642 2630 1776 2676 esse
1843 2616 2229 2696 corruptum.
2333 2608 2699 2678 Coniiciunt
2768 2610 2933 2677 alius

548 2715 721 2780 aliud
742 2765 756 2791 ,
804 2716 969 2781 nihil
1014 2716 1181 2801 quod
1228 2715 1554 2801 probabile
1602 2718 1709 2781 sit.
1765 2714 1926 2781 Cum
1975 2719 2290 2782 sententia
2337 2720 2578 2803 optime
2635 2720 2934 2805 congruit

547 2823 713 2907 quod
778 2822 1087 2888 Halmius
1150 2823 1490 2908 reponebat
1540 2823 1692 2910 plus
1738 2839 2122 2901 mnu-ms,
2174 2825 2280 2889 sed
2329 2828 2606 2890 nimium
2663 2823 2931 2888 discedit

546 2948 583 2991 a
646 2928 937 3015 vestigiis
1008 2928 1276 2995 traditae
1346 2927 1655 2994 lectionis.
1729 2928 2005 2993 Felicius
2069 2928 2390 3017 Pluygers
2455 2930 2741 3003 restituit
2781 2928 2930 3016 plus

544 3051 768 3099 snm.
819 3033 1069 3100 Domus
1114 3039 1248 3100 erat
1284 3038 1561 3119 spatiosa
1599 3036 1810 3121 magis
1853 3055 2044 3119 quam
2085 3042 2448 3123 sumtuosa,
2491 3036 2710 3122 quales
2751 3040 2930 3102 erant

546 3140 729 3205 aedes
776 3141 1126 3225 antiquitus
1173 3142 1572 3207 constitutae.

636 3346 826 3415 Attio.
892 3350 1047 3416 XIII
1110 3350 1182 3415 5:
1246 3352 1561 3441 suppellex
1614 3355 1855 3419 modica
1917 3355 2069 3439 [non
2119 3352 2352 3438 multa]
2405 3366 2473 3418 ut
2519 3357 2586 3419 in
2635 3367 2928 3420 neutram

542 3470 795 3543 partem
842 3461 1107 3547 conspici
1140 3462 1362 3546 possit.

633 3562 952 3647 Apertum
998 3564 1316 3651 glossema
1364 3566 1657 3631 resecuit.

634 3770 827 3838 Attic.
893 3772 1032 3837 XV.
1104 3775 1176 3837 l:
1241 3776 1547 3860 quidquid
1606 3776 1945 3861 royabatwr
1991 3767 2264 3860 reliyioee
2302 3780 2710 3863 promittebat
2759 3782 2932 3866 quod

543 3905 666 3948 non
730 3880 997 3945 liberalis
1058 3882 1163 3943 sed
1222 3880 1363 3943 levis
1428 3881 1856 3944 arbitrabatur
1895 3880 2176 3969 polliceri
2219 3885 2388 3967 quod
2428 3896 2753 3970 praestare
2803 3910 2926 3949 non

590 4004 765 4058 osset.

538 4016 587 4079 P
634 4098 869 4181 Aperte
930 4092 1229 4158 mendosa
1292 4090 1446 4155 haec
1510 4095 1821 4178 scriptura
1884 4102 1979 4159 est
2001 4143 2018 4177 ‚
2083 4095 2190 4159 sed
2237 4094 2613 4161 emendandi
2660 4115 2785 4162 non
2831 4098 2927 4159 est

545 4223 673 4268 una
736 4204 861 4268 via.
958 4198 1275 4284 Pluygers
1335 4199 1710 4281 reponebat:
1759 4202 1926 4286 quod
1969 4224 2091 4265 non
2137 4201 2391 4266 liberabi¹
2438 4202 2542 4265 sed
2585 4201 2714 4265 levn
2761 4202 2927 4266 arbi·

544 4309 833 4373 trabatur
882 4306 1165 4394 pomoeri
1219 4308 1385 4391 quod
1432 4320 1574 4380 QUIS
1614 4319 1942 4391 praestare
1987 4330 2109 4371 non
2146 4319 2372 4394 posset.
2467 4304 2681 4372 Possis
2729 4310 2924 4373 etiam

542 4414 635 4479 sic
694 4414 1041 4501 corrigere:
1106 4414 1273 4498 quod
1330 4435 1454 4479 non
1520 4411 1787 4477 liberalis
1847 4429 2113 4480 Hormus
2159 4416 2266 4478 secl
2310 4403 2451 4479 levis
2500 4414 2928 4481 arbitrabatur
