3369 5142
1452 373 1790 424 ruinosius.
2675 345 2806 412 325

747 546 983 625 μήποτ’
1035 545 1437 626 επειγόμενοσ
1486 543 1755 624 πράέηιο·
1802 544 2026 609 κακόν·
2079 545 2258 608 άλλά
2308 539 2586 620 βαθείηο·

842 662 939 729 σῆι
990 653 1161 733 Φρενὶ
1211 655 1547 732 βουλευσαι
1598 651 1742 715 ποτ’
1791 649 2044 728 αγαθῶι
2093 674 2163 714 τε
2211 647 2340 714 νόωι

772 767 885 826 τῶν
934 786 1057 840 γαρ
1106 784 1483 838 μαινομένων
1532 783 1793 824 πετεται
1843 757 2122 837 θυμόστε
2172 758 2399 822 νόοστε.
2633 748 2806 816 1055

1260 1081 1343 1127 DE
1388 1077 1638 1126 AETATE
1678 1076 1997 1124 morum.

524 1214 803 1282 Galenus
865 1215 1047 1281 Tom.
1096 1213 1267 1278 XIV.
1316 1235 1458 1302 pag.
1510 1213 1658 1278 211.
1713 1217 2173 1278 commemorat
2219 1211 2625 1288 σύγγραμμα
2673 1233 2809 1272 συν-

433 1327 816 1400 τεταγμένον
880 1322 995 1388 ὑπό
1056 1347 1211 1391 τινος
1278 1319 1706 1402 Ἀνδρομάχου
1757 1319 2134 1394 καλουμένου
2182 1318 2433 1388 ἐντελῶς
2480 1316 2810 1381 πεπαιδευ-

434 1430 613 1506 μένου
680 1433 791 1505 τὴν
858 1431 1104 1508 τέχνην.
1157 1467 1241 1476 —-
1291 1428 1358 1491 τὸ
1419 1433 1567 1505 γοῦν
1634 1424 1852 1508 ἄρχειν
1913 1427 2077 1501 ἡμῶν
2141 1425 2241 1488 δια
2315 1427 2423 1496 τὴν
2471 1423 2530 1486 έν
2578 1425 2810 1496 τούτοις

441 1537 741 1617 ὑπεροχὴν
806 1535 919 1600 ὑπὸ
984 1542 1101 1599 τῶν
1163 1539 1305 1598 κατ’
1373 1537 1593 1599 ἐκεῖνον
1639 1537 1742 1597 τὸν
1789 1531 2000 1612 χρόνον
2047 1530 2358 1606 βασιλέων
2408 1524 2474 1603 ἦν
2523 1554 2814 1598 πεπιςευ-

438 1645 636 1719 μένος.
678 1642 1157 1706 Absurdissime
1194 1641 1543 1725 Interpres:
1588 1641 1802 1725 Itaque
1831 1639 2194 1721 praecellere
2219 1637 2410 1719 iprum
2432 1638 2808 1714 nostratibus,

432 1750 589 1834 quod
646 1751 737 1811 leis
798 1754 863 1810 in
926 1751 1095 1812 rebus
1132 1749 1545 1832 praevaleret,
1596 1747 1768 1809 illius
1813 1747 2168 1826 tempeatatie
2214 1766 2376 1824 reyes
2421 1767 2540 1806 meo
2584 1745 2812 1828 quidem

432 1853 658 1918 iudicio
726 1854 1127 1917 crediderunt.
1196 1853 1499 1917 Potuitne
1559 1848 1934 1917 absurdius?
1997 1857 2060 1914 et
2123 1873 2240 1912 meo
2302 1849 2531 1934 quidem
2591 1850 2814 1912 iudicio

435 1959 813 2022 erediderunt
876 1959 1300 2024 bellissimum
1365 1967 1480 2023 est.
1544 1958 1726 2022 Nihil
1785 1955 1963 2022 aliud
2009 1962 2104 2021 est
2151 1956 2218 2018 τὸ
2267 1954 2481 2034 ἄρχειν
2535 1957 2700 2032 ἡμῶν
2748 1953 2814 2030 ἦν

437 2063 882 2140 πεπιστευμένος
947 2086 1137 2150 quam
1202 2065 1538 2144 άρχίατρος
1603 2059 1706 2147 ἦν,
1771 2081 1834 2128 et
1897 2062 2010 2124 ὑπὸ
2073 2069 2190 2124 τῶν
2255 2061 2398 2125 κατ’
2445 2062 2664 2128 ἐκεῖνον
2714 2063 2814 2126 τὸν

435 2171 646 2251 χρόνον
710 2172 1037 2248 βασιλέων,
1105 2173 1177 2236 ab
1238 2173 1321 2234 iis
1382 2173 1486 2256 qui
1542 2172 1651 2234 ilco
1717 2181 1967 2252 tempore
2025 2169 2338 2254 Principe«
2381 2169 2652 2250 fuerunt
2671 2216 2686 2244 ‚
2739 2169 2818 2234 de

434 2278 681 2344 Nerone
740 2286 888 2343 sunt
950 2279 1335 2362 accipienda.
1399 2277 1515 2342 Est
1577 2279 1750 2342 enim
1811 2274 2236 2354 Ἀνδρόμαχος
2299 2277 2326 2340 ὃ
2393 2281 2496 2339 τοῦ
2547 2275 2813 2352 Νέρωνος

440 2387 777 2466 άρχίατρος
802 2435 818 2460 ,
884 2397 959 2449 ut
1005 2384 1363 2470 appellatur
1404 2405 1440 2449 a
1486 2381 1730 2449 Galeno
1778 2381 1962 2447 Tom.
2011 2381 2192 2446 XIV.
2241 2403 2385 2468 pag.
2437 2381 2500 2446 2.
2549 2389 2613 2448 et
2659 2381 2816 2447 alibi

434 2493 691 2577 passim.
740 2490 1023 2556 Fuerunt
1071 2497 1285 2556 autem
1336 2490 1461 2556 duo
1506 2488 1964 2561 Andromachi,
2017 2489 2204 2552 ambo
2250 2489 2594 2566 αρχίατροι,
2638 2494 2818 2573 pater

437 2598 619 2663 credo
665 2604 731 2662 et
776 2597 979 2681 filius,
1032 2598 1199 2662 unde
1247 2599 1496 2682 saepius
1540 2596 1708 2681 apud
1747 2592 2072 2660 Galenum
2109 2594 2530 2675 Ἀνδρόμαχος
2568 2597 2595 2658 ὃ
2637 2619 2818 2674 πρεσ-

438 2703 693 2781 βύτερος
759 2710 822 2767 et
886 2704 913 2767 ὁ
977 2705 1251 2781 νεώτερος
1315 2702 1742 2782 Ἀνδρόμαχος
1795 2708 2394 2766 commemorantur.
2443 2700 2634 2767 Pater
2681 2707 2818 2766 erat

438 2808 841 2893 pereruditus
888 2816 953 2874 et
998 2809 1331 2874 literarum
1371 2830 1443 2873 ae
1480 2812 1738 2893 poeseos
1776 2827 1999 2873 amans
2038 2813 2103 2873 et
2151 2828 2404 2873 carmen
2463 2807 2820 2895 elegiacum

440 2916 571 2995 περὶ
622 2916 906 2994 θηριακῆς
954 2936 991 2980 a
1037 2936 1103 2979 se
1150 2918 1573 2999 compositum
1620 2914 1855 2978 Neroni
1906 2914 2244 2979 dedicavit.
2287 2912 2586 2999 Superest
2629 2935 2706 2978 ex
2748 2934 2822 2979 eo

441 3023 720 3087 carmine
755 3022 835 3105 (si
878 3021 1135 3107 quidem
1168 3028 1264 3085 est
1288 3041 1542 3085 carmen
1566 3020 1907 3085 dicendum
1933 3020 2222 3085 versibus
2247 3018 2536 3085 mirificis
2559 3019 2824 3106 turgida

438 3129 719 3194 oratione
762 3137 825 3191 et
863 3127 1207 3192 admodum
1250 3129 1479 3192 vitiosa
1520 3126 1889 3211 conflatum)
1931 3128 2094 3191 bona
2131 3147 2275 3210 pars
2310 3126 2478 3211 apud
2504 3123 2823 3192 Galenum

439 3232 617 3299 Tom.
674 3230 843 3297 XIV.
896 3253 1045 3319 pag.
1100 3231 1203 3295 32.
1254 3231 1527 3297 Initium
1578 3237 1705 3297 est:

801 3340 991 3403 Κλῦθι
1039 3338 1419 3418 πολυθρονίου
1466 3338 1715 3417 βριαρὸν
1762 3338 1960 3409 σθένος
2009 3334 2342 3401 άντιδότοιο
2360 3386 2375 3411 ,

893 3452 1135 3526 Καῖσαρ
1180 3444 1557 3523 άδειμάντου
1606 3446 1786 3522 δῶτορ
1837 3444 2170 3522 ἐλευθερίης
2197 3492 2214 3521 ,

810 3552 992 3616 1(λῦοι
1014 3600 1029 3627 ,
1082 3552 1305 3631 Νέρων.

532 3656 845 3722 Praemisi
891 3658 1047 3723 haec
1089 3665 1164 3721 ut
1213 3658 1289 3723 de
1335 3656 1639 3727 Erotiani,
1686 3659 1796 3741 qui
1837 3654 2246 3741 Hippocratis
2285 3653 2483 3731 λέξεις
2508 3660 2824 3743 exposuit,

442 3769 648 3829 aetate
695 3770 1024 3828 constaret.
1074 3764 1415 3829 Erotianus
1464 3766 1633 3829 enim
1672 3764 2129 3849 praefationem
2171 3762 2272 3827 his
2311 3764 2522 3828 verbis
2545 3764 2824 3829 orditur:

443 3873 553 3943 τὴν
616 3870 1055 3946 Ἱπποκράτους
1119 3872 1567 3948 πραγματείαν
1586 3920 1599 3947 ,
1655 3871 1956 3950 άρχίατρε
2007 3867 2422 3951 Ἀνδρόμαχε,
2476 3872 2581 3935 οὐκ
2629 3870 2824 3949 όλίγα

444 3975 974 4054 συμβαλλομένην
1013 3979 1201 4040 πᾶσιν
1243 3977 1565 4053 ἀνθρώποις
1598 3976 1736 4054 ὁρῶν
1763 3970 1885 4040 ὅσοι
1911 3982 2166 4053 λογικῆς
2192 3977 2644 4041 άντιποιοῦνται
2673 4000 2824 4040 παι-

446 4083 611 4155 δείας
652 4084 779 4147 κτέ.
824 4103 984 4167 quae
1024 4084 1216 4147 verba
1240 4086 1591 4169 composita
1616 4104 1766 4147 cum
1793 4080 2022 4147 Galeni
2047 4084 2414 4148 testimonio
2441 4082 2620 4148 Tom.
2649 4081 2826 4149 XIV.

442 4212 592 4279 pag.
618 4188 771 4253 211.
799 4188 1223 4269 Ἀνδρομάχου
1250 4190 1500 4261 ἐντελῶς
1530 4189 2020 4266 πεπαιδευμένου
2046 4191 2153 4263 τὴν
2182 4188 2409 4268 τέχνην
2434 4192 2520 4265 μὴ
2547 4189 2721 4265 μόνον
2748 4198 2824 4271 τῇ

447 4300 627 4380 πείρα
664 4305 779 4361 τῶν
804 4294 991 4377 ἔργων
1016 4297 1190 4359 άλλα
1218 4298 1320 4358 καὶ
1347 4304 1472 4367 τοῖς
1498 4296 1706 4373 λόγοις
1733 4298 1835 4361 τὸν
1864 4296 1966 4359 ἐπ’
1993 4298 2202 4367 αὐτοῖς
2230 4296 2532 4371 λογισμὸν
2556 4296 2824 4373 άκριβῶς

448 4403 805 4479 ἠσκημένου,
830 4403 901 4467 τὸ
924 4406 1071 4479 γοῦν
1098 4400 1311 4483 ἄρχειν
1339 4404 1503 4477 ἡμῶν
1532 4440 1613 4451 --
1643 4399 1710 4477 ἦν
1737 4399 2205 4477 πεπιςευμένος.
2232 4421 2488 4466 omnem
2516 4402 2593 4467 de
2620 4408 2828 4468 aetate

446 4510 731 4577 Erotiani
781 4508 1247 4573 dubitationem
1298 4506 1517 4573 tollere
1565 4507 1884 4573 videntur.
2411 4504 2482 4573 C.
2533 4504 2610 4575 G.
2663 4506 2736 4575 Ο.
