3369 5142
1414 342 1754 396 ammaon.
2635 330 2767 397 287

402 516 575 600 εἶχεν
639 523 840 599 αὑτῶ,
906 526 980 585 ut
1036 522 1103 584 in
1170 519 1341 586 Orat.
1394 519 1440 584 I.
1497 521 1555 584 1.
1606 518 1844 600 ὦπόρως
1893 516 2024 598 ἔχει
2074 544 2176 597 μοι
2223 522 2356 601 περὶ
2407 527 2512 585 τοῦ
2561 520 2767 601 πράγ-

400 652 619 705 ματος.

489 836 651 924 Peg.
708 834 859 901 138.
914 855 1047 921 cap.
1098 832 1218 899 ¹73:
1267 835 1399 900 οὐδὲ
1443 835 1698 915 Φεύγων
1742 834 1812 897 τὸ
1862 838 2088 909 πλῆθος
2134 838 2203 901 τὸ
2253 836 2572 917 ὑμέτερον,
2624 836 2763 908 τοὺς

399 943 451 1007 δ’
499 941 645 1015 οἵους
698 946 917 1019 ὑμΕΙΟ
965 948 1157 1018 μισῶν
1204 942 1624 1017 συκοφάντας.
1690 940 1920 1006 Infelix
1968 945 2280 1007 coniector
2324 942 2450 1007 fuit
2496 945 2606 1027 qui
2650 961 2764 1027 pro

400 1051 575 1123 ὑμεῖς
624 1048 1052 1114 substituebat
1097 1048 1313 1123 ὑμΑΟ.
1361 1047 1672 1112 Plurimis
1717 1049 2027 1133 exemplis
2072 1051 2140 1113 in
2199 1049 2338 1113 γαν.
2387 1048 2574 1113 Lecti.
2621 1068 2766 1135 pag.

402 1155 529 1219 551
596 1176 683 1241 sq.
734 1156 897 1219 hanc
944 1155 1419 1240 compositionis
1464 1155 1737 1219 formam
1785 1154 2027 1219 Atticis
2070 1158 2373 1220 usitatam
2422 1155 2616 1220 fuisse
2662 1154 2772 1217 de-

400 1266 771 1327 monstravi.
870 1260 1223 1325 Simillima
1266 1266 1478 1327 nostro
1523 1260 1661 1326 loco
1706 1261 1862 1326 haec
1909 1267 2086 1325 sunt:
2135 1260 2591 1327 Demosthenes
2624 1279 2772 1347 pag.

402 1366 555 1433 421.
616 1370 734 1433 16:
787 1368 995 1433 Σόλων
1046 1367 1242 1443 ἐμίσει
1292 1368 1431 1438 τοὺς
1481 1364 1629 1437 οἵους
1679 1362 1847 1437 οὗτος
1897 1368 2006 1440 τὴν
2050 1368 2261 1445 Φύσιν.
2309 1374 2374 1433 et
2416 1388 2562 1455 pag.
2615 1364 2768 1430 613.

407 1474 528 1539 103
578 1474 783 1554 σώζειν
830 1475 973 1551 ὑμῖν
1022 1475 1161 1546 τοὺς
1211 1474 1511 1545 τοιούτους
1559 1475 1844 1553 προσήκει
1891 1475 1995 1538 καὶ
2044 1482 2247 1552 μισεῖν
2297 1475 2434 1545 τοὺς
2497 1470 2769 1552 οἵουσπερ

405 1577 595 1654 οὗτος.
653 1588 717 1647 et
762 1602 902 1668 pag.
961 1578 1112 1645 617.
1160 1578 1248 1644 25
1298 1578 1475 1666 (758.
1528 1576 1625 1657 6.)
1672 1580 1795 1643 οὐδ’
1842 1577 2098 1659 οἵοισπερ
2145 1580 2220 1644 σὺ
2266 1579 2562 1659 χρώμενοι
2609 1603 2771 1657 συμ-

393 1688 639 1765 βούλοις
726 1686 1166 1751 ἐπολιτεύοντο.
1262 1684 1696 1751 Luculentum
1783 1691 1880 1751 est
1944 1688 2262 1771 imprimis
2331 1688 2771 1751 testimonium

392 1795 835 1881 Xenophontis
883 1794 1121 1857 Hellen.
1171 1792 1225 1856 I.
1276 1792 1339 1856 4.
1392 1790 1507 1855 16:
1556 1793 1664 1856 οὑκ
1702 1791 1950 1871 ἔφασαν
1989 1794 2050 1857 δὲ
2092 1800 2207 1857 τῶν
2247 1790 2490 1869 οἵωνπερ
2533 1794 2770 1857 αὑτοῦ

392 1898 573 1965 ὄντων
620 1896 771 1965 εἶναι
821 1906 1033 1963 καινῶν
1081 1898 1313 1963 δεῖσθαι
1364 1896 1780 1977 πραγμάτων.
1831 1905 1896 1964 et
1941 1900 2386 1984 Aristophanis
2432 1901 2498 1962 in
2545 1900 2770 1963 Acbar-

392 2007 667 2071 nensibus
709 2027 803 2072 vs·
852 2002 1004 2069 600.

854 2113 991 2191 ὀρῶν
1040 2110 1285 2183 πολιοὺς
1332 2110 1445 2187 μὲν
1492 2110 1714 2190 ἄνδρας
1762 2112 1822 2175 ἐν
1865 2118 2006 2184 ταῖς
2055 2110 2272 2187 τάξεσι

844 2218 1083 2288 νεανίας
1130 2218 1185 2281 δ’
1232 2214 1383 2289 οἵους
1433 2218 1508 2282 σὺ
1557 2217 2054 2297 διαδεδρακότας.

482 2324 705 2411 Itaque
764 2322 1073 2389 Codicum
1134 2327 1549 2409 scripturam:
1615 2325 1756 2397 τοὺς
1821 2325 1874 2389 δ’
1936 2321 2083 2396 οἵους
2135 2324 2307 2403 ὑμεῖς
2357 2330 2550 2398 μισῶν
2591 2348 2763 2389 συκο-

392 2430 645 2513 φάντας
692 2432 889 2495 setius
937 2433 1032 2495 est
1073 2450 1197 2495 non
1243 2434 1525 2517 tangere.

482 2538 579 2604 Ex
625 2537 845 2603 eodem
890 2536 1028 2602 loco
1074 2538 1479 2622 perspicuum
1528 2534 1601 2601 fit
1648 2536 1802 2622 quid
1857 2538 1978 2621 sit,
2026 2538 2092 2602 οὑ
2138 2536 2390 2619 φεύγων
2427 2538 2496 2604 τὸ
2538 2540 2763 2614 πλῆθος

394 2645 464 2709 τὸ
529 2643 843 2728 ὑμέτερον,
889 2665 1160 2728 namque
1207 2643 1380 2708 idem
1427 2644 1547 2708 hoc
1595 2641 1917 2731 significet
1964 2643 2132 2729 quod
2176 2646 2240 2710 οὑ
2289 2645 2622 2723 μισόδημος
2666 2647 2764 2712 ὤν.

482 2851 643 2939 Peg.
695 2849 848 2916 138.
895 2873 1031 2937 cap.
1082 2849 1201 2916 79:
1252 2849 1479 2916 τούτων
1523 2853 1587 2916 οὑ
1634 2849 1864 2926 δίκαιός
1913 2853 2035 2920 ἐςιν
2084 2853 2140 2936 [ὂ
2181 2853 2324 2930 ἐμὸς
2362 2855 2598 2940 πατὴρ]
2639 2853 2766 2937 ἰδία

395 2957 563 3032 δίκην
639 2955 881 3023 διδόναι.
945 2956 1387 3044 Frigidissime
1443 2959 1895 3042 interpolatum
1954 2963 2049 3023 est
2105 2959 2132 3023 ὂ
2196 2960 2336 3035 ἐμὸς
2399 2963 2635 3038 πατήρ,
2691 2959 2767 3027 de

395 3085 519 3150 quo
582 3063 715 3130 solo
775 3065 842 3128 in
902 3061 1421 3148 praecedentibus
1482 3065 1720 3150 egitur.
1811 3062 2016 3129 Miror
2076 3085 2198 3150 quo
2259 3070 2445 3150 pecto
2488 3064 2767 3150 Dobree,

256 3237 265 3248 ,
392 3172 502 3256 qui
564 3168 781 3257 paullo
828 3175 973 3234 ante
1018 3171 1087 3233 in
1133 3167 1343 3233 verbis
1390 3169 1497 3232 οὑκ
1545 3167 1668 3236 ἔςιν
1717 3165 1777 3246 ὅ,
1825 3192 1886 3234 τι
1939 3207 2022 3219 -
2073 3169 2432 3249 ἧμιέρτηται
2483 3173 2590 3256 [τῷ
2640 3173 2766 3250 ἐμῷ

390 3275 613 3362 πατρὶ]
665 3274 987 3342 emblema.
1034 3276 1343 3361 expunxit
1360 3323 1377 3358 ,
1426 3274 1579 3338 huic
1626 3273 2057 3341 additamento
2102 3278 2474 3361 pepercerit.

478 3487 639 3576 Peg.
710 3488 861 3555 189.
924 3511 1063 3576 cap.
1117 3489 1247 3555 85:
1296 3491 1347 3554 οἱ
1395 3490 1509 3568 μὲν
1555 3489 1784 3569 ἔχθιςοι
1835 3491 1952 3574 [οἱ]
2001 3490 2134 3567 ἐμοὶ
2183 3490 2283 3556 δύο
2332 3493 2582 3570 ἀγῶνας
2630 3493 2765 3573 περὶ

391 3594 539 3670 ἐμοῦ
593 3597 1014 3671 πεποιήκασιν.
1085 3595 1447 3662 Delendum
1493 3601 1587 3662 est
1634 3598 1862 3662 vitiose
1904 3599 2251 3680 repetitum
2297 3599 2372 3665 οἱ.
2441 3599 2766 3666 Usitetum

396 3705 492 3764 est
562 3700 770 3767 dicere
840 3709 915 3766 ut
984 3702 1152 3788 apud
1220 3701 1716 3787 Xenophontem
1777 3703 1846 3765 in
1905 3703 2198 3788 Apoloqia
2261 3705 2516 3770 Socratis
2557 3707 2595 3790 ξ
2643 3703 2766 3770 27:

392 3805 525 3882 ἐμοὶ
591 3807 696 3871 καὶ
745 3815 868 3878 τοῖς
918 3807 1085 3882 ἐμοῖς
1132 3807 1339 3878 εὔνοις.
1387 3813 1452 3873 et
1500 3810 1567 3872 in
1612 3807 1852 3872 Hellen.
1895 3807 1978 3873 V.
2017 3807 2082 3872 2.
2129 3807 2252 3874 33:
2292 3819 2418 3883 τοῖς
2461 3811 2768 3890 ὑμετέροις

392 3911 745 3991 δυσμενέσιν
764 3963 777 3990 ,
839 3919 903 3978 et
948 3916 1184 3998 passim
1229 3915 1415 3990 τάμὰ
1462 3917 1756 3995 Φίλτατα
1780 3965 1795 3992 ,
1843 3915 1952 3980 sed
1996 3937 2184 3982 nemo
2231 3917 2480 3983 dicebat
2525 3920 2575 3984 οἱ
2616 3916 2765 3985 εὖνοι

389 4019 441 4085 οἱ
488 4021 624 4098 ἐμοί
640 4069 655 4097 ,
705 4025 816 4086 aut
862 4019 913 4084 οἱ
959 4018 1276 4096 δυσμενεῖς
1326 4023 1375 4086 οἱ
1429 4020 1724 4103 ὑμέτεροι.
1817 4021 2040 4107 Itaque
2087 4023 2225 4099 ἐμοί
2270 4023 2524 4090 dativus
2569 4029 2664 4091 est
2701 4029 2766 4090 et

385 4130 436 4194 οἱ
482 4130 792 4213 spurium.

477 4337 633 4405 Post
676 4359 876 4424 pauca
923 4358 1061 4425 cap.
1110 4335 1221 4403 88.
1267 4338 1508 4405 scribe:
1554 4341 1756 4405 αὐτῶν
1797 4341 1857 4407 δὲ
1895 4340 2122 4408 τούτων
2153 4343 2381 4408 Ἕνεκα
2409 4365 2520 4430 pro
2543 4341 2767 4428 εἵνεκα,

386 4445 548 4530 quod
599 4445 1009 4510 Homericum
1058 4451 1170 4510 est.
