3369 5142
1330 377 1451 426 rao
1499 377 1744 428 cmm.
2607 355 2742 426 229

348 549 591 616 iudices
611 597 627 628 ‚
692 549 825 617 iam
886 549 1133 616 dudum
1195 549 1347 636 quid
1407 550 1609 618 velim
1654 550 1763 616 vel
1809 551 2021 638 potius
2063 554 2217 639 quid
2261 553 2463 620 nolim
2509 553 2741 621 dicere.

350 657 534 738 Quod
602 656 857 724 etiamsi
927 660 1025 723 est
1081 657 1367 743 factum,
1430 664 1599 724 certe
1665 680 1704 724 a
1752 658 1967 724 Caelio
2012 679 2137 724 non
2184 665 2280 726 est
2295 680 2314 740 ;
2363 659 2516 747 quid
2564 660 2738 726 enim

349 759 704 830 attinebat?
772 775 863 828 est
922 765 1085 829 enim
1144 765 1221 828 ab
1268 765 1477 851 aliquo
1513 765 1794 851 fortasse
1841 765 2244 831 adulescente
2289 785 2414 832 non
2460 771 2596 832 tam
2643 767 2735 830 in·

350 869 522 936 sulso
592 890 787 956 quam
855 889 981 934 non
1048 870 1423 936 verecundo.
1493 870 1605 936 Sin
1668 875 1888 937 autem
1947 879 2044 938 est
2101 870 2327 938 fictum
2386 892 2514 938 non
2574 872 2740 940 illud

351 976 609 1063 quidem
670 975 1034 1042 modestum
1060 1024 1076 1052 ,
1137 975 1246 1041 sed
1292 982 1507 1042 tamen
1554 981 1649 1042 cst
1696 997 1822 1042 non
1866 978 2212 1044 infacetum
2261 978 2736 1045 mendacium.”

350 1081 615 1148 Factum
681 1102 809 1147 non
876 1085 1045 1146 recte
1108 1102 1174 1148 se
1234 1081 1429 1148 habet
1443 1129 1461 1160 ,
1523 1081 1882 1148 adolescens
1943 1084 2115 1150 enim
2177 1084 2436 1150 dederat
2495 1085 2741 1172 ingenii

354 1187 809 1254 documentum
876 1188 1027 1272 (non
1088 1187 1395 1253 insulsum
1453 1208 1521 1253 se
1582 1186 1901 1274 probavit)
1919 1209 1936 1266 ;
1986 1189 2106 1255 hoc
2157 1187 2228 1255 fit
2275 1190 2506 1256 verbis.
2599 1190 2736 1256 Nec

354 1293 751 1378 probandum
800 1296 1079 1380 sortasse
1136 1299 1279 1378 post
1338 1299 1580 1358 certam
1642 1295 2174 1360 asseverationem
2237 1315 2347 1381 per
2407 1309 2496 1361 eat
2539 1298 2741 1360 enim.-

357 1398 593 1464 dicitur
647 1416 850 1463 nunc:
913 1418 950 1462 a
1009 1394 1226 1465 Caelio
1284 1419 1409 1463 non
1456 1404 1586 1477 est,
1634 1420 1784 1464 nam
1832 1405 1928 1464 est
1963 1401 2245 1487 sortasse
2291 1401 2370 1466 ab
2417 1399 2562 1467 alio.
2611 1399 2740 1466 De-

354 1505 546 1590 nique
590 1517 679 1570 est
724 1503 895 1569 male
942 1501 1289 1569 collocatur
1333 1509 1477 1589 post
1523 1517 1728 1570 tamen
1774 1511 2105 1591 propterea
2151 1506 2318 1591 quod
2356 1508 2744 1572 mendacium

355 1611 553 1676 etiam
600 1609 679 1676 ad
724 1612 1065 1676 modestum
1112 1609 1402 1694 pertinet.
1479 1609 1648 1690 Quid
1695 1610 1896 1677 velim
1945 1613 2268 1697 proposita
2306 1611 2434 1677 alia
2469 1611 2740 1678 lectione

356 1717 729 1784 brevissime
791 1715 1159 1782 declarabo:
1224 1715 1434 1800 „quod
1480 1716 1733 1781 etiamsi
1784 1721 1879 1783 est
1924 1717 2113 1783 facete
2156 1719 2398 1784 dictum
2421 1765 2440 1794 ,
2489 1725 2659 1783 certe
2705 1737 2743 1782 a

358 1820 573 1890 Caelio
632 1843 757 1888 non
820 1827 951 1902 est;
1014 1821 1168 1907 quid
1216 1822 1387 1886 enim
1438 1820 1794 1888 attinebat?
1840 1827 2062 1888 etenim
2108 1823 2188 1889 ab
2234 1823 2448 1908 aliquo
2496 1821 2744 1889 adules-

358 1935 537 1995 cente
593 1941 710 2006 cat,
772 1928 1036 1994 fortasse
1096 1947 1221 1993 non
1283 1935 1419 1992 tam
1464 1927 1709 1992 insulso
1729 1975 1746 2005 ‚
1793 1948 1985 2013 quam
2032 1947 2156 1994 non
2201 1928 2576 1994 verecundo.
2625 1926 2742 1994 Sin

360 2048 561 2101 totam
620 2038 715 2099 est
760 2033 981 2099 fictum
1001 2083 1019 2118 ,
1067 2053 1191 2099 non
1237 2031 1401 2098 illud
1448 2033 1710 2119 quidem
1757 2034 2156 2112 modestum,
2205 2035 2314 2099 sed
2362 2041 2576 2101 tamen
2621 2053 2747 2100 non

360 2141 707 2206 infacetum
798 2139 1200 2206 mendacium
1283 2138 1429 2206 eet.”
1536 2138 1661 2206 vix
1747 2139 1827 2206 ad
1914 2141 2085 2206 hunc
2168 2139 2383 2206 locum
2468 2140 2747 2225 respexit

360 2245 829 2328 Quinctilianus
894 2245 1005 2310 VI.
1074 2244 1135 2311 3.
1200 2243 1325 2310 25:
1392 2245 1631 2329 „(risus
1692 2245 2092 2332 conciliatur)
2152 2246 2411 2312 interim
2471 2246 2606 2312 sine
2651 2267 2747 2312 re-

359 2357 579 2439 spectu
644 2352 903 2438 pudoris
922 2398 941 2426 ,
1008 2357 1081 2415 ut
1126 2352 1195 2416 in
1239 2349 1353 2416 illa
1396 2351 1635 2438 pyxide
1682 2349 2002 2429 Caeliana,
2051 2351 2219 2436 quod
2263 2371 2467 2437 neque
2513 2352 2748 2418 oratori

359 2479 563 2544 neque
626 2457 749 2523 ulli
808 2456 947 2524 viro
1007 2457 1191 2545 gravi
1246 2457 1640 2523 conveniat?
1703 2455 1829 2522 Sed
1876 2455 2162 2522 divinare
2206 2477 2545 2544 possumus
2591 2457 2746 2543 quid

360 2565 685 2653 elegantes
731 2562 1051 2629 barbatuli
1098 2558 1358 2629 Clodiae
1395 2561 1738 2630 illudentes
1781 2562 2208 2636 narraverint,
2254 2562 2560 2651 pyxidem
2599 2584 2749 2630 con-

361 2672 654 2737 tinuisse:
710 2670 846 2737 sive
891 2670 1193 2756 poculum
1241 2670 1625 2735 amatorium
1672 2669 1808 2735 sive
1854 2668 2241 2735 abortivum.
2329 2670 2423 2734 At
2469 2690 2630 2755 quae
2671 2669 2748 2735 de

362 2775 693 2844 Camurtio
756 2784 821 2841 et
880 2776 1183 2841 Aesernio
1244 2780 1581 2841 narrantur
1628 2776 1663 2859 ξ
1713 2774 1794 2842 71
1846 2782 2029 2841 nocte
2076 2781 2227 2840 sunt
2274 2775 2636 2842 obscuriora
2684 2786 2750 2841 et

360 2886 454 2949 ita
511 2886 875 2968 portentosa
918 2888 993 2945 ut
1042 2900 1299 2945 omnem
1346 2880 1537 2946 fidem
1583 2888 1919 2967 superent,
1967 2881 2025 2946 si
2069 2882 2259 2947 modo
2307 2881 2751 2967 aliquantenus

359 2988 800 3076 intellegimus
847 3006 1008 3072 quae
1044 3006 1155 3071 per
1194 2985 1526 3052 involucra
1566 2987 1908 3053 iactantur.
1935 2986 2219 3053 Tantum
2260 2995 2551 3074 apparet,
2592 2990 2750 3055 istos

360 3096 504 3181 lege
538 3093 801 3159 Lutatia
841 3091 919 3158 de
956 3092 1025 3159 vi
1063 3098 1387 3157 accusatos
1426 3112 1592 3169 esse,
1634 3099 1701 3158 et
1740 3092 1820 3159 ad
1859 3093 1927 3158 id
1967 3093 2336 3178 exemplum
2375 3114 2749 3180 provocasse

363 3206 785 3281 accusatores,
854 3206 927 3263 ut
980 3194 1275 3263 Caelium
1322 3219 1396 3263 ea
1441 3197 1585 3285 lege
1633 3199 1834 3263 teneri
1882 3199 2314 3276 ostenderent,
2363 3200 2748 3265 Aeserniam

362 3310 577 3371 autem
623 3312 689 3371 et
734 3303 1142 3371 Camurtium
1192 3302 1345 3369 olim
1394 3304 1675 3382 „nefario
1723 3311 1942 3389 stupro
1987 3310 2349 3389 persecutos
2389 3304 2568 3370 esse’'
2595 3304 2744 3369 Vet-

366 3410 531 3477 tium
548 3460 565 3488 ,
615 3410 783 3496 quod
830 3408 1124 3477 Clodiam
1170 3408 1545 3475 offendisset.
1595 3406 1868 3495 Reliqua
1913 3408 1991 3475 de
2037 3410 2287 3474 aeraria
2327 3408 2545 3474 fabula
2571 3408 2751 3493 (Hal-

364 3516 484 3580 mii
528 3514 707 3580 codd.
754 3520 1001 3600 praeter
1046 3513 1137 3580 St.
1187 3513 1470 3580 Victoris
1503 3516 1794 3601 afraria,
1834 3513 2010 3580 Leid.
2057 3514 2148 3579 B:
2191 3514 2446 3600 afr-aia,
2485 3514 2746 3581 Franc.:

366 3622 645 3708 affrania
664 3666 680 3698 ,
750 3618 841 3684 St.
909 3619 1215 3686 Victoris:
1280 3622 1528 3707 oraria)
1599 3619 1788 3706 plane
1848 3626 1998 3685 sunt
2059 3620 2302 3686 incerta
2357 3626 2423 3687 et
2483 3621 2748 3687 fortasse

366 3745 517 3791 cum
566 3723 1061 3804 Quadrantariae
1107 3729 1363 3793 nomine
1408 3726 1575 3793 nihil
1622 3746 1965 3793 commune
2012 3725 2268 3792 habent.

459 3908 768 3986 Traiecti,
816 3928 907 3973 m.
956 3906 1257 3974 Januario
1307 3908 1503 3977 1880.

1804 4025 1880 4099 G.
1926 4030 2022 4098 M.
2073 4030 2562 4101 FRANGKEN.
