3369 5142
1378 341 1764 394 comcomm.
2645 326 2774 393 417

392 518 431 603 ἕ
480 515 600 595 12,
664 518 774 585 sed
834 519 1101 605 spongia
1158 515 1316 581 πίνει
1365 517 1514 601 μὲν,
1565 517 1856 595 συμπίνει
1904 515 1955 580 δ’
2005 516 2106 595 οὔ,
2157 520 2256 581 uti
2303 516 2583 583 Oobetus
2630 540 2776 585 vere

393 625 614 689 scribit
680 626 747 687 in
816 622 1024 689 Variis
1085 622 1493 690 Lectionibus
1555 646 1615 710 p.
1678 623 1830 689 541.
1893 623 2026 689 Nec
2091 632 2302 688 tamen
2354 646 2502 689 cum
2553 626 2775 691 eodem

394 729 667 815 simplex
728 730 999 795 verbum
1062 731 1449 795 restituerim
1480 780 1493 805 ,
1563 731 1729 815 quod
1793 730 2054 795 fortasse
2101 733 2518 795 necessarium
2571 739 2666 797 est
2713 736 2779 797 in

395 837 614 901 eadem
664 835 961 903 Oratione
1008 837 1043 921 ᾖ
1094 834 1209 899 52:
1260 844 1553 914 συμπιεῖν
1601 837 1784 909 δεινὸς
1836 832 1904 908 ἦν
1946 836 2001 921 (ὃ
2059 837 2430 922 Φίλιππος),
2483 838 2776 917 Φιλοκρά-

394 967 504 1018 της
571 944 621 1008 δ’
685 943 711 1007 ὃ
776 940 929 1020 μεθ’
995 945 1160 1018 ἡμῶν
1208 943 1562 1021 δεινότερος,
1613 964 1762 1008 nam
1812 942 2000 1007 video
2047 942 2468 1008 Plutarchum
2516 947 2584 1008 in
2633 944 2781 1009 Vita

395 1049 845 1114 Demosthenis
891 1070 941 1114 c.
1000 1047 1083 1113 16
1129 1047 1296 1113 illud
1344 1051 1558 1135 ipsum
1607 1049 1788 1121 δεινὸς
1839 1057 2128 1125 συμπιεῖν
2177 1052 2242 1113 in
2292 1070 2406 1114 suo
2450 1052 2781 1116 Aeschinis

397 1153 629 1221 Codice
674 1156 1009 1221 invenisse.
1066 1152 1417 1239 scripserat
1464 1162 1706 1239 orator,
1745 1158 1871 1220 nisi
1921 1158 2137 1221 omnia
2183 1177 2287 1221 me
2339 1156 2594 1221 fallunt:
2649 1156 2776 1222 οὐδ’

394 1264 471 1332 ὥς
537 1261 720 1335 δεινὸς
770 1262 861 1325 σὺ
908 1270 1153 1340 πιεῖν,
1206 1261 1373 1347 quod
1420 1282 1612 1347 quam
1663 1268 1913 1327 mature
1959 1270 2327 1347 corruptum
2377 1263 2605 1348 fuerit,
2641 1267 2780 1349 jam

397 1374 676 1455 apparet.
2155 1384 2160 1389 ·

486 1577 861 1644 Ridiculum
906 1582 1143 1645 vitium
1192 1580 1440 1645 obsidet
1485 1579 1826 1647 Menandri
1865 1582 2299 1669 fragmentum
2341 1604 2402 1669 p.
2437 1583 2563 1649 156
2601 1584 2778 1650 Mk.:

849 1687 1175 1765 τάργύριον
1224 1682 1377 1749 εἶναι
1426 1686 1853 1766 μειράκιόν
1901 1711 1988 1751 σοι
2038 1691 2338 1769 φαίνεται

850 1796 915 1857 οὐ
962 1798 1077 1858 τῶν
1127 1794 1490 1870 ἀναγκαίων
1534 1794 1673 1857 καθ’
1721 1794 1952 1874 ἡμέραν
1996 1794 2176 1871 μόνον

854 1899 1038 1973 τιμὴν
1085 1906 1438 1978 παρασχεῖν
1487 1899 1772 1979 δυνατόν,
1825 1899 2053 1981 ἀρτων,
2103 1902 2425 1987 ἀλφίτων,

850 2002 1053 2083 ὄξους,
1104 2006 1352 2081 ἐλαίου,
1402 2006 1672 2088 μείζονος
1725 2009 1774 2071 δ’
1823 2006 2024 2072 ἄλλον
2069 2006 2266 2081 τινός·

857 2108 1216 2185 ἀθανασίας
1272 2112 1322 2175 δ’
1371 2114 1475 2177 οὐκ
1524 2112 1668 2181 ἔςιν.

406 2216 577 2283 Illud
647 2214 957 2299 μειράκιον
1028 2224 1399 2303 corruptum
1468 2241 1603 2285 esse
1662 2221 1874 2286 vides:
1938 2220 2091 2306 quid
2151 2222 2578 2305 reponendum
2641 2222 2778 2289 est?

404 2324 531 2390 Sed
600 2325 719 2389 hoc
781 2325 1040 2409 quidem
1104 2327 1259 2390 satis
1324 2332 1417 2391 est
1481 2334 1807 2412 apertum,
1855 2348 2084 2411 nempe
2132 2328 2420 2416 φάρμα
2443 2352 2523 2393 κο
2547 2352 2608 2407 ν,
2660 2350 2783 2415 quo

400 2450 587 2495 sensu
631 2430 975 2496 Menander
1020 2431 1177 2496 alibi
1224 2431 1420 2496 dixit:
1470 2434 1577 2497 οὐκ
1626 2432 1750 2501 ἔςιν
1800 2436 1979 2511 ὀργῆς
2030 2434 2104 2503 ὥς
2155 2432 2306 2499 ἔοικε
2346 2434 2679 2516 φάρμακον
2719 2442 2784 2501 et

402 2536 614 2619 σφόδρ’
680 2537 766 2606 ἒςὶ
834 2540 1023 2614 θυμοῦ
1086 2538 1423 2620 φάρμακον
1485 2539 1712 2621 xpus-bc,-
1776 2540 1998 2623 λόγος,
2067 2539 2243 2605 alibi.
2338 2540 2542 2607 Usum
2589 2542 2782 2608 huius

402 2643 701 2710 vocabuli
746 2664 936 2728 snpra
980 2646 1173 2731 attigi
1218 2667 1279 2730 p.
1333 2646 1441 2713 47.

494 2863 569 2930 P.
624 2861 775 2928 158.
822 2864 1115 2927 futurum
1164 2880 1289 2925 non
1334 2879 1683 2946 concoquo:

854 2971 919 3034 τί
964 2969 1165 3047 λέγων
1204 2964 1580 3047 ἀποτρώγειν
1626 2966 2113 3044 ἀξιώσει·νῦν
2163 2969 2310 3044 ἐμοῦ

866 3078 935 3139 τὸ
985 3072 1344 3155 μισῦἀριον;
1395 3074 1555 3152 μένω
1610 3077 1736 3156 γὰρ
1783 3072 1852 3150 ἐξ
1901 3073 2213 3155 ἕχθιζινοῦ.

405 3181 729 3249 Scribam:
791 3182 1059 3260 ἀξιοῖς
1110 3183 1223 3246 σύ.
1272 3181 1390 3269 Pg.
1446 3179 1575 3246 170
1624 3183 1746 3246 tria
1793 3181 2025 3246 menda
2070 3183 2238 3247 mihi
2284 3183 2644 3252 observasse
2691 3190 2786 3253 vi-

406 3291 593 3368 deor,
658 3311 819 3375 quae
866 3289 1043 3354 nullo
1089 3292 1348 3376 negotio
1395 3291 1605 3354 sanari
1652 3292 1966 3373 poterunt.
2023 3287 2320 3354 Primum
2367 3311 2490 3356 non
2536 3296 2788 3378 scripsit

405 3401 575 3462 certe
624 3395 998 3463 Menander:

949 3502 1269 3568 ’Ἄπολλον
1316 3499 1755 3581 ἀνθρώπων
1803 3501 1920 3566 τίν’
1968 3499 2335 3581 ἀθλιώτερον

950 3609 1237 3695 ἑόρακας;
1288 3604 1383 3690 ἀρ’
1434 3610 1658 3688 ἐρῶντα
1707 3609 2244 3688 δυσποτμώτερονς

406 3715 515 3782 sed
560 3713 997 3794 ἄνθρωπον.
1050 3714 1330 3801 Sequens
1378 3714 1817 3802 fragmentum
1867 3717 2006 3779 sine
2053 3735 2237 3779 sensu
2287 3716 2380 3780 ita
2426 3717 2670 3784 editur:

866 3823 915 3886 εἰ
967 3822 1089 3901 γὰρ
1142 3821 1411 3901 ἐπίδοιμι
1462 3827 1677 3898 τοῦτο,
1729 3822 1861 3886 καὶ
1912 3822 2126 3901 ψυχῆν
2172 3821 2366 3886 πάλιν

864 3928 1128 4005 λάβοιμ’
1177 3931 1329 4008 ἐγώ·
1382 3929 1503 3993 νυνὶ
1553 3929 1681 4009 γὰρ
1729 3927 1953 3992 ἀλλά
2001 3933 2144 3994 ποῦ
2197 3926 2375 4001 θεούς

862 4032 1049 4108 οὕτως
1096 4033 1358 4108 δικαίους
1410 4037 1533 4105 ἕςὶν
1581 4037 1804 4116 εὑρεῖν,
1854 4030 1897 4098 ὦ
1945 4035 2135 4100 Γέτα.

408 4143 534 4210 Hic
596 4141 953 4207 Meinekius
1014 4147 1183 4206 recte
1230 4142 1738 4208 commendavit:
1793 4141 1941 4206 κᾶν
1990 4142 2203 4220 ψυχὴν
2252 4143 2477 4218 πάλιν,
2526 4145 2634 4209 sed
2683 4167 2790 4230 pa-

407 4271 549 4315 rum
614 4248 982 4334 proficimus
1043 4247 1121 4312 ad
1185 4247 1311 4312 loci
1374 4247 1902 4336 intelligentiam,
1974 4249 2228 4313 etiamsi
2291 4269 2440 4313 cum
2505 4249 2792 4319 Bentleio

410 4356 623 4421 addita
668 4353 901 4419 lineola
946 4353 1272 4442 legamus:
1322 4356 1439 4417 νυνὶ
1490 4355 1614 4434 γάρ
1650 4393 1730 4403 —-
1761 4355 1931 4418 ἀλλὰ
1983 4361 2122 4419 ποῦ.
2171 4354 2430 4420 Scilicet
2471 4360 2791 4426 Bentleius

411 4463 739 4527 existimat
824 4482 1007 4537 eum,
1082 4463 1190 4546 qui
1260 4461 1369 4524 hic
1439 4460 1728 4548 loquitur
1750 4509 1763 4526 .
1839 4481 1904 4525 se
1979 4463 2187 4546 ipsum
2257 4460 2658 4548 interpellare
2730 4473 2792 4532 et
