3369 5142
1498 306 1723 360 Puro.
2669 285 2798 357 335

424 479 649 548 Editor
707 480 1077 560 ἆςρονομικοέ
1139 480 1397 548 delevit.
1490 481 1792 570 Superest
1835 483 2149 571 frigidum
2196 482 2514 549 emblema
2557 482 2626 546 in
2673 480 2792 547 διέ-

424 612 613 670 κρινεν
662 590 765 654 καὶ
814 588 1055 672 διεξῄει.
1148 587 1279 653 Ubi
1322 589 1639 674 praecedit
1675 589 1954 671 διέκρινεν
1991 591 2375 674 εοφίαοιαόαέ,
2422 590 2790 670 enucleam,

428 695 579 762 addi
624 716 749 762 non
794 700 1003 782 potest
1048 694 1430 782 languidum
1477 695 1581 762 καὶ
1629 694 1869 780 διεξῄει.
2385 737 2390 742 ‚

520 889 680 978 Pag.
744 889 893 955 315.
961 893 1034 955 d:
1106 891 1166 955 ἐν
1230 861 1523 968 οἰκήμαιτί
1582 916 1728 970 τινι,
1800 888 1842 974 ᾧ
1904 896 2122 974 προτοῦ
2182 893 2295 970 μὲν
2345 891 2482 980 [ὡς]
2537 892 2797 972 ταμιείῳ

432 997 652 1078 ἐχρῆτο
712 994 1082 1070 Ἱππόνικος.
1146 996 1403 1083 Optime
1466 998 1787 1064 intellexit
1841 999 2086 1066 Dobree
2147 1002 2222 1072 ὥς
2287 1020 2419 1065 esse
2467 999 2802 1085 interpola-

430 1107 591 1170 tum.
690 1101 819 1170 Cur
863 1104 1069 1192 igitur
1112 1125 1226 1192 pro
1268 1124 1418 1171 sano
1464 1103 1816 1172 retinetur?
1885 1193 1890 1202 .

519 1283 675 1372 Pag.
742 1280 893 1346 316.
956 1305 1003 1346 ο.
1077 1282 1426 1348 describam
1491 1283 1708 1349 locum
1768 1289 1843 1350 ut
1903 1285 2069 1350 mihi
2129 1285 2604 1351 constituendus
2665 1305 2797 1351 esse

427 1389 713 1457 videtur:
774 1385 943 1465 ξένον
1003 1389 1129 1468 γὰρ
1191 1387 1383 1470 ἄνδρα
1447 1392 1766 1456 καΤιόντα
1826 1393 1910 1466 εἷς
1975 1391 2184 1465 πόλεις
2235 1392 2534 1470 μεγάλας
2585 1392 2687 1458 καὶ
2738 1393 2798 1456 ἐν

426 1495 687 1569 ταύταις
749 1495 1035 1561 πείθοντα
1096 1501 1211 1561 τῶν
1277 1497 1417 1562 νέων
1476 1498 1615 1569 τοὺς
1661 1497 1990 1575 βελτίςους
2036 1498 2468 1571 οὶπολΙπόντας
2515 1500 2634 1571 τας
2682 1507 2798 1564 τῶν

426 1601 633 1670 ἄλλων
702 1603 1020 1674 συνουσίας
1087 1603 1193 1668 καὶ
1266 1605 1491 1668 οἰκείων
1561 1604 1663 1668 καὶ
1739 1605 1966 1670 ὀθνείων
2037 1607 2139 1670 καὶ
2207 1606 2628 1684 πρεσβυτέρων
2694 1607 2796 1671 καὶ

426 1707 715 1791 νεωτέρων
780 1709 977 1790 ἑαυτῷ
1044 1717 1307 1775 συνεῖναι
1369 1712 1445 1782 ὥς
1508 1710 1798 1788 βελτίους
1862 1711 2176 1788 ἐσομένους
2243 1711 2344 1776 δια
2406 1716 2514 1786 τὴν
2579 1714 2797 1778 ἑαυτοῦ

428 1817 745 1883 συνουσίαν
808 1818 929 1897 xp&
989 1815 1398 1894 εὐλαβεῖσθαι
1474 1815 1625 1904 [τὸν]
1675 1822 1886 1884 ταῦτα
1936 1817 2309 1900 πράττοντα.
2359 1818 2431 1883 In
2476 1819 2658 1885 libris
2703 1827 2800 1886 est

427 1921 589 1998 ξένον
657 1923 782 2003 γὰρ
864 1919 1054 2004 ἄνδρα
1131 1933 1275 1988 ΚΑΙ
1354 1922 1559 2001 Ξόντα,
1640 1925 1708 1988 in
1784 1921 2014 1990 Codice
2091 1925 2144 1990 'l'
2221 1931 2315 1991 est
2397 1947 2548 1992 vera
2609 1926 2800 1992 lectio

430 2027 621 2109 ἄνδρα
686 2027 1017 2094 κΑΤιόντα
1064 2028 1142 2095 de
1190 2027 1417 2096 Graeci
1464 2029 1797 2096 cuiusdam
1845 2033 2238 2110 coniectura,
2288 2053 2436 2097 nam
2486 2032 2698 2098 Codex
2748 2033 2800 2098 Τ

428 2133 706 2200 Venetus
752 2139 950 2201 scatet
995 2134 1539 2208 correctiunculis,
1588 2141 1662 2200 ut
1708 2136 2063 2222 plurimum
2113 2138 2292 2204 bonis
2331 2144 2395 2204 et
2429 2142 2648 2218 certis,
2691 2139 2801 2205 sed

428 2248 563 2307 tam
611 2223 905 2307 facilibus
950 2246 1025 2307 ut
1068 2243 1500 2328 unusquisque
1546 2245 1656 2328 qui
1706 2243 1824 2309 hoc
1871 2251 2023 2332 agat
2068 2251 2132 2310 et
2179 2243 2419 2312 Graece
2462 2246 2547 2310 sit
2584 2244 2801 2331 paullo

429 2350 669 2416 doctior
723 2369 827 2415 eas
887 2349 1107 2414 statim
1171 2351 1442 2435 reperire
1503 2352 1724 2435 possit.
1816 2350 2037 2416 Lectio
2093 2349 2257 2426 ξένον
2303 2355 2430 2434 γαρ
2478 2353 2580 2417 καὶ
2629 2353 2802 2418 ἰόντα

428 2458 621 2522 etiam
686 2477 760 2523 eo
816 2457 1047 2522 vitiosa
1094 2476 1231 2520 esse
1278 2457 1573 2544 arguitur
1620 2459 1769 2540 quia
1815 2457 1906 2522 sic
1951 2455 2112 2538 ξένον
2151 2461 2426 2524 ὌΝΤΛ
2477 2459 2580 2524 καὶ
2628 2460 2801 2525 ἰόντα

427 2566 737 2650 scriptum
801 2584 933 2629 esse
996 2561 1339 2648 oportebat.
1436 2562 1562 2629 Pro
1625 2560 2054 2637 ἀπολιπόντας
2099 2563 2251 2630 libri
2298 2565 2598 2632 exhibent
2644 2568 2798 2633 οὶπο-

428 2670 755 2742 λείποντας
803 2668 1135 2735 mendose:
1183 2688 1309 2733 non
1353 2674 1644 2754 poterant
1689 2672 1860 2735 enim
1905 2672 2084 2735 cimul
2126 2672 2486 2739 ἀπολείπειν
2525 2677 2644 2747 τοὶς
2685 2681 2802 2740 τῶν

428 2772 636 2840 ἄλλων
682 2772 997 2846 συνουσίας
1046 2779 1109 2840 et
1152 2773 1533 2859 Πρωταγόρᾳ
1582 2783 1869 2841 συνεῖναι.

518 2881 807 2966 Denique
852 2880 955 2946 τόν
1002 2880 1528 2969 expungendum,
1579 2885 1732 2967 quia
1777 2886 2111 2950 coniuncta
2155 2890 2337 2951 sunt:
2387 2883 2552 2963 ξένον
2608 2886 2798 2967 ἄνδρα

432 3025 513 3037 --
561 2990 683 3069 χρὴ
732 2986 1136 3067 εὐλαβεῖσθαι
1177 2992 1388 3053 ταῦτα
1437 2986 1818 3070 πράττοντα.

520 3166 676 3255 Pag.
748 3165 897 3232 316.
964 3166 1037 3230 d:
1111 3167 1233 3245 ἐγὼ
1293 3166 1354 3232 δὲ
1419 3168 1527 3241 τὴν
1594 3170 1916 3249 σοφιςικὺν
1981 3170 2208 3251 τέχνην
2269 3172 2436 3251 φημὶ
2486 3173 2598 3251 μὲν
2644 3170 2800 3242 εἶναι

432 3272 747 3351 παλαιάν,
798 3273 937 3345 τοὺς
986 3273 1048 3338 δὲ
1097 3272 1709 3355 μεταχειριζομένους
1758 3278 1949 3351 αὐτὴν
1991 3314 2074 3325 -
2118 3278 2460 3359 πρόσχημα
2502 3284 2797 3347 ποιεῖσθαι

430 3379 557 3470 [καὶ
623 3382 1194 3467 προκαλύπτεσθαι]
1254 3382 1393 3455 τοὺς
1442 3384 1556 3461 μὲν
1603 3382 1868 3461 ποίησιν,
1919 3418 2007 3433 --
2053 3386 2192 3457 τοὺς
2241 3384 2302 3451 δὲ
2349 3385 2615 3461 τελετοές
2663 3390 2795 3457 κτὲ.

431 3486 663 3554 Omnia
720 3495 868 3555 sunt
926 3492 993 3553 in
1054 3488 1399 3572 πρόσχημα
1463 3490 1761 3554 ποιεῖσθαι
1823 3496 1886 3555 et
1956 3490 2247 3557 additum
2318 3493 2422 3556 καὶ
2495 3496 2802 3575 προκαλύ·

432 3595 694 3659 πτεσθαι
740 3594 903 3660 nihil
950 3596 1101 3661 facit
1147 3594 1226 3660 ad
1275 3615 1410 3661 rem
1459 3599 1523 3660 et
1561 3616 1635 3660 ex
1678 3594 1929 3661 Scholio
1967 3602 2192 3662 natum
2232 3599 2504 3666 videtur.
2547 3602 2625 3667 cf.
2652 3623 2796 3690 pag.

434 3699 583 3766 316.
636 3719 699 3765 e:
764 3704 1052 3777 μουσικὴν
1115 3701 1176 3765 δὲ
1239 3702 1627 3778 Ἀγαθοκλῆς
1699 3701 2042 3782 πρόσχημα
2107 3704 2458 3783 ἐποιήσατο,
2527 3714 2590 3773 et
2661 3716 2804 3794 post

428 3825 659 3892 pauca:
726 3814 865 3878 ταῖς
928 3806 1181 3886 τέχναις
1246 3805 1511 3881 ταύταις
1561 3808 2140 3887 παραπετάσμασιν
2189 3810 2531 3891 ἐχρήσαντο
2578 3822 2675 3881 et:
2725 3812 2799 3881 ὧν

430 3912 607 3980 ἕνεκα
654 3914 837 3977 ταῦτ’
886 3913 1009 3981 ε’ςὶν
1054 3913 1139 3977 τα
1186 3916 1637 3994 προσχήματα.
1687 3914 1866 3981 Haec
1912 3919 2126 3982 omnia
2161 3920 2248 3983 rei
2292 3928 2651 4008 congruunt
2690 3922 2800 3989 sed

432 4020 977 4105 προκαλύπτεσθαι
1026 4039 1150 4085 non
1195 4022 1373 4087 item.

517 4198 676 4287 Pag.
726 4196 881 4265 317.
924 4224 983 4262 c:
1039 4199 1099 4263 ἐν
1146 4196 1209 4263 δὲ
1256 4198 1451 4280 τούτῳ
1500 4200 1842 4273 ΚΑΛΛίας
1883 4224 1950 4266 τε
1992 4200 2095 4267 καὶ
2141 4202 2548 4281 Ἀλκιβιάδης
2577 4204 2796 4281 ἧκέτην

432 4304 659 4385 ἄγοντε
702 4303 805 4369 τὸν
850 4304 1153 4385 Πρόδικον.
1203 4302 1458 4390 Optime
1506 4308 1776 4371 correxit
1821 4305 2152 4374 Hermann
2200 4313 2515 4381 ΚΡΙΤίας.
2561 4312 2798 4383 Callias

432 4416 598 4477 enim
650 4433 687 4477 a
734 4410 1114 4497 Protagorae
1155 4410 1351 4477 latere
1398 4432 1519 4477 non
1569 4411 1948 4479 discedebat.
2581 4434 2587 4441 ·
