3369 5142
603 297 735 366 344
1678 312 1902 364 Puro.

689 486 1151 574 Perantiquum
1216 485 1536 555 emblema
1601 485 1982 574 deprensum
2043 491 2139 556 est
2183 507 2332 579 pag.
2383 486 2536 554 347.
2583 491 2630 555 d
2643 510 2658 554 ι
2721 483 2868 554 ὅπου
2919 487 2982 554 δὲ

600 596 779 664 καλοὶ
848 595 1116 676 κάγαθοὶ
1182 593 1507 674 συμπόται
1578 593 2106 683 [πεπαιδευμένοι]
2157 597 2343 678 εἰσίν,
2391 599 2498 662 οὐκ
2543 593 2620 661 ἂν
2665 593 2810 670 ἴδοις
2856 595 2983 662 οὔτ’

599 703 978 787 αὐλητρίδας
1042 700 1171 768 οὔτ’
1240 701 1625 785 ὄρχηςρίδας.
1722 703 1878 783 Quis
1940 724 2066 770 non
2111 706 2306 771 sentit
2352 702 2830 781 πεπαιδευμένοι
2877 724 2982 790 op-

598 814 763 877 timo
827 813 965 877 iure
1035 811 1115 876 ab
1188 808 1448 877 Editore
1520 830 1655 877 esse
1727 809 2170 878 eliminatum?
2241 811 2517 880 ἅττικιςί
2581 810 2982 898 appellantur

601 917 779 984 καλοὶ
844 918 1114 997 κάγαθοί
1174 937 1331 1003 quos
1390 917 1586 984 serior
1648 921 1822 984 aetas
1868 917 2299 994 εὐπαιδεύτους
2349 923 2414 985 et
2459 917 2978 997 πεπαιδευμένους

599 1046 828 1092 vocare
887 1024 1075 1104 solet,
1139 1029 1205 1090 et
1262 1023 1439 1090 καλοὶ
1489 1024 1760 1104 κάγαθοί
1802 1024 2127 1114 aliquanto
2173 1027 2478 1092 urbanius
2524 1029 2591 1090 et
2632 1024 2981 1093 modestius

602 1133 837 1199 dicitur
883 1151 1076 1218 quam
1123 1151 1423 1220 arrogans
1468 1131 1962 1211 πεπαιδευμένοι.

691 1239 883 1305 Hunc
946 1240 1153 1326 igitur
1220 1238 1435 1305 locum
1506 1240 1860 1307 describens
1929 1241 2291 1308 Athenaeus
2357 1237 2470 1306 ΠΙ.
2545 1237 2650 1305 51.
2721 1239 2980 1307 exhibet

602 1346 777 1415 καλοὶ
830 1345 1093 1424 asyam
1143 1344 1463 1427 συμπόται
1508 1357 1653 1414 ΚΑΙ
1705 1345 2196 1426 πεπαιδευμένοι.

693 1559 891 1646 'l'urpi
954 1578 1160 1625 errore
1222 1558 1615 1626 scribebatur
1660 1580 1809 1649 pag.
1859 1559 2014 1626 348.
2062 1562 2138 1624 d:
2187 1559 2418 1642 περιιὼν
2465 1557 2642 1642 ζητεῖ
2681 1554 2798 1641 ὅτῳ
2847 1559 2977 1624 ἑπι-

599 1663 897 1742 δεΙξΗται
945 1664 1051 1731 καὶ
1100 1664 1239 1745 μεθ’
1284 1660 1421 1732 ὅτου
1468 1665 1946 1744 βεβαιῶσΗται.
1990 1663 2176 1740 ‘Os-14·
2225 1669 2396 1734 enim
2443 1671 2508 1733 et
2553 1661 2712 1741 ὅπως
2752 1667 2822 1732 in
2857 1665 2976 1732 tali

604 1796 673 1840 re
736 1775 1029 1840 futurum
1088 1771 1434 1860 postulant.
1524 1774 1989 1841 Demosthenes
2044 1795 2190 1863 pag.
2254 1775 2409 1840 230.
2466 1772 2577 1839 15:
2630 1775 2696 1840 οὐ
2743 1773 2813 1838 τὸ
2861 1774 2974 1850 μὲν

602 1879 749 1964 πρὸς
807 1880 1119 1958 ἀλλήλους
1183 1879 1592 1963 ἀγωνίζεσθαι
1655 1882 2102 1967 παραλείπειν,
2165 1881 2342 1961 ἑτέρῳ
2407 1879 2462 1946 δ’
2513 1877 2630 1964 ὅτῳ
2675 1879 2866 1946 κακόν
2913 1903 2974 1944 τι

604 1988 973 2055 δώσΟΜΕΝ
1024 1987 1247 2071 ζητεῖν.
1294 1985 1514 2054 Solent
1552 1988 1708 2054 baec
1756 1988 2096 2074 depravare
2140 1987 2422 2073 librarii,
2465 1989 2695 2075 quibus
2731 1991 2977 2055 acutior

601 2096 811 2163 nescio
872 2096 1014 2182 quis
1075 2091 1355 2162 Graecus
1412 2094 1614 2160 lector
1657 2097 1726 2160 in
1773 2095 2134 2182 apographo
2181 2094 2486 2161 Vaticano
2527 2097 2798 2162 correxit
2844 2095 2974 2160 ἐπι-

600 2201 891 2278 δείξεται
962 2207 1027 2270 et
1096 2201 1588 2282 βεβαιώσεται,
1655 2201 1822 2288 quod
1882 2201 2104 2268 Editor
2167 2204 2522 2269 rectissime
2586 2204 2654 2267 in
2724 2206 2974 2268 textum

598 2313 857 2396 recepit.

687 2523 846 2612 Pag.
914 2521 1063 2589 349.
1132 2522 1205 2590 d:
1281 2525 1314 2601 ἠ
1387 2522 1449 2590 δὲ
1518 2521 1762 2603 ἀνδρεία
1834 2520 2035 2589 πάνυ
2109 2523 2309 2590 πολὺ
2378 2520 2651 2607 διαφέρει
2715 2520 2967 2590 πάντων

602 2631 851 2699 τούτων.
922 2637 986 2698 et
1046 2652 1194 2721 pag.
1264 2628 1417 2697 359.
1479 2654 1545 2695 a:
1611 2629 1680 2694 τὸ
1745 2631 1806 2695 δὲ
1873 2628 1934 2696 ἓν
1987 2629 2196 2695 πάνυ
2247 2632 2446 2697 πολὺ
2494 2630 2805 2715 διαφέρειν
2853 2634 2970 2697 τῶν

600 2740 830 2807 ἄλλων.
898 2736 1153 2804 Durum
1202 2743 1266 2804 et
1317 2738 1667 2805 molestum
1710 2738 1938 2803 accidit
1977 2738 2055 2803 ad
2097 2760 2278 2805 aures
2314 2738 2475 2805 πάνυ
2517 2738 2695 2803 πολύ.
2747 2738 2972 2823 Itaque

597 2852 903 2915 corrector
949 2843 1201 2912 Codicis
1246 2845 1300 2911 Τ
1344 2866 1491 2933 pag.
1546 2843 1675 2909 359
1725 2869 1781 2908 α.
1833 2845 1989 2909 πολύ
2039 2848 2278 2911 omisit.
2331 2845 2454 2912 Sed
2493 2844 2721 2911 melior
2761 2867 2973 2910 emen-

598 2956 769 3021 datio
810 2955 879 3018 in
924 2956 1182 3040 promtu
1231 2956 1343 3018 est.
1394 2951 1745 3037 Utrobique
1791 2951 2263 3017 rescribendum
2305 2962 2658 3017 ΠΑΜπολυ
2698 2952 2970 3034 διαφέρει

598 3070 664 3131 et
723 3058 1064 3142 διαφέρειν,
1112 3062 1187 3124 ut
1230 3057 1418 3124 Plato
1465 3057 1660 3143 solet,
1710 3057 1914 3125 veluti
1961 3060 2029 3123 in
2077 3059 2346 3142 Sophista
2390 3080 2536 3146 pag.
2585 3056 2740 3124 255.
2789 3060 2865 3123 d:
2917 3060 2968 3122 εἰ

596 3172 684 3251 μὴ
734 3166 1041 3246 πάμπολυ
1091 3164 1462 3248 διεφερέτην.

686 3382 846 3471 Pag.
899 3379 1051 3446 349.
1100 3382 1178 3444 d:
1230 3378 1495 3460 εὑρήσεις
1543 3378 1670 3460 γὰρ
1717 3380 1982 3451 πολλοὺς
2031 3386 2146 3444 τῶν
2196 3379 2511 3461 ἀνθρώπων
2551 3378 2966 3453 ἀδικωτάτους

596 3492 711 3569 μὲν
772 3489 989 3565 ὄντας,
1058 3524 1141 3535 -
1210 3483 1661 3567 ἀνδρειοτάτους
1729 3486 1791 3553 δὲ
1849 3485 2277 3569 διαφερόντως.
2341 3486 2571 3552 Maneo
2633 3488 2701 3551 in
2757 3492 2969 3554 vetere

596 3598 907 3666 sententia
991 3594 1394 3662 scribendum
1467 3615 1599 3660 esse
1670 3594 2043 3675 ανδρείΟΤΟ
2112 3594 2173 3659 δὲ
2244 3592 2672 3675 διαφερόντως.
2747 3594 2972 3658 Editor

597 3703 999 3787 διαφερόντως
1063 3701 1269 3768 delere
1326 3699 1581 3768 maluit.
1674 3699 1962 3786 Utroque
2021 3699 2208 3765 modo
2267 3700 2438 3764 idem
2485 3704 2651 3765 recte
2701 3698 2961 3774 dicitur,

595 3812 704 3879 sed
772 3814 917 3898 quis
982 3811 1237 3879 tandem
1300 3806 1704 3891 διαφερόντως
1769 3802 2175 3872 inseruisset?
2237 3804 2424 3871 Nunc
2485 3812 2628 3891 post
2696 3811 2970 3891 quatuor

593 3920 899 3989 vocabula
944 3922 1013 3985 in
1064 3956 1148 3968 --
1173 3915 1395 3991 τρίτους
1450 3916 1748 3981 exeuntia
1794 3912 2130 3980 variandae
2178 3914 2477 3979 orationis
2525 3914 2736 4001 gratia
2781 3912 2968 3979 Plato

594 4028 886 4096 dederat:
934 4026 1234 4110 ἀνδρείους
1284 4022 1344 4089 δὲ
1390 4019 1818 4106 διαφερόντως.

1543 4173 2086 4263 (Continuabitur).

2245 4328 2316 4397 O.
2367 4329 2448 4397 G.
2499 4326 2794 4399 GOBE'I'.

1532 4523 2014 4534 ——-———--——--—
