3369 5142
634 302 764 370 452
1616 316 2039 371 rflucrmnns.

635 501 739 559 tur
760 496 1113 579 sequentia:
1145 496 1197 558 οἱ
1222 499 1327 558 τοῦ
1354 494 1545 569 δήμου
1572 490 1879 572 προςάται
1911 532 1992 543 -—
2020 492 2290 558 πείθουσί
2313 517 2484 565 τινας
2515 492 2913 559 ὈΛΙΓΟΊὊ
2933 534 3012 543 -

633 600 971 681 ἀποδράναι
1022 608 1085 665 et
1130 602 1197 664 in
1244 621 1379 684 cap.
1432 598 1535 663 47.
1588 600 1663 669 ὣς
1710 599 1765 663 δ’
1815 637 1894 647 -
1941 600 2302 671 ἐκπλέοντες
2347 600 2706 679 ἐλήφθησαν
2735 600 3018 665 ἐλέλυντό

634 731 703 771 τε
760 710 825 771 αἱ
874 707 1127 771 σπονδαὶ
1178 706 1282 769 καὶ
1331 712 1455 777 τοῖς
1500 706 1878 784 Κορκυραίοις
1919 704 2307 785 παρεδίδοντο
2348 706 2398 769 οἱ
2424 714 2796 771 ΠΛΝΤΕΟ.
2847 706 3022 786 Quae

636 820 731 879 est
802 812 954 877 haec
1024 814 1327 876 immanis
1397 810 1739 875 crudelitas
1811 832 2010 895 quum
2075 818 2257 895 pauci
2321 814 2561 895 quidam
2607 812 3021 896 deliquissent

636 926 937 982 universos
999 918 1077 982 ad
1140 917 1529 1002 supplicium
1586 920 1868 981 inimicis
1915 915 2203 982 tradere?
2295 916 2540 1003 Nempe
2579 919 2671 981 ita
2718 940 3018 985 convene·

636 1031 769 1089 rat:
821 1024 926 1087 ε’άν
974 1048 1066 1095 τις
1116 1024 1247 1102 άλῷ
1296 1021 1750 1101 ἀποδιδράσκων
1795 1020 1998 1087 ἅπασι
2048 1024 2346 1087 λελύσθαι
2395 1023 2510 1093 τοὶς
2559 1024 2843 1095 σπονδάς.
2897 1024 3021 1089 Sed

644 1154 751 1208 „ea
822 1136 993 1194 verba
1062 1130 1341 1194 omittunt
1400 1134 1603 1211 optimi
1662 1128 1964 1211 codiee3,”
2021 1132 2267 1193 incuria
2314 1130 2569 1213 quidem
2621 1129 3021 1195 dormitantis

640 1238 918 1320 scribae,
967 1242 1030 1300 et
1076 1240 1141 1299 in
1186 1234 1505 1320 plerisque
1550 1254 1589 1297 a
1634 1241 1982 1299 correctore
2029 1234 2406 1318 supplentur
2453 1239 2518 1299 in
2569 1236 2876 1322 margine.

732 1448 1020 1533 Thucyd.
1095 1446 1204 1511 IV.
1280 1444 1386 1510 46.
1462 1446 1519 1509 5.
1598 1452 1714 1509 τῶν
1778 1446 1838 1508 ἐν
1895 1455 1972 1526 τῇ
2039 1446 2193 1525 νήσῳ
2239 1447 2508 1511 πείθουσί
2555 1471 2725 1520 τινας
2775 1448 3016 1526 ὀλίγους

645 1553 1129 1633 ὑποπέμψαντες
1190 1556 1410 1631 Φίλους
1468 1551 1573 1616 καὶ
1626 1548 1984 1627 διδάξαντες
2031 1554 2106 1623 ὥς
2157 1559 2297 1616 κατ’
2347 1552 2580 1617 εὔνοιαν
2629 1555 2696 1628 δὴ
2749 1555 3018 1638 [λέγειν]

643 1656 732 1723 ὅτι
806 1658 1088 1737 κράτιςον
1152 1660 1358 1730 αὐτοῖς
1423 1657 1515 1731 εἴη
1579 1658 1654 1729 ὥς
1722 1656 1968 1735 τάχιςα
2017 1659 2376 1736 ἀποδρᾶναι.
2425 1658 2630 1725 Paene
2677 1661 3021 1727 ridiculum

644 1772 739 1830 est
800 1764 1156 1842 διδάξαντες
1231 1763 1369 1834 τοὺς
1418 1763 1638 1843 φίλους
1687 1762 1931 1845 Λέγειν,
1981 1766 2160 1846 quasi
2206 1764 2272 1827 id
2321 1770 2484 1829 esset
2529 1764 2783 1830 difficile
2830 1789 3022 1855 nego-

640 1873 830 1935 tium.
882 1869 1021 1935 Imo
1066 1891 1213 1935 vero
1262 1867 1548 1943 ἐδίδαξαν
1594 1867 1732 1939 τοὺς
1779 1870 1838 1931 ἐν
1883 1878 1959 1949 τῇ
2011 1870 2164 1947 νήσῳ
2209 1867 2300 1931 ὅτι
2351 1872 2560 1941 αὐτοῖς
2610 1870 2890 1950 κράτιςον
2931 1874 3020 1949 εἴη

642 1977 770 2043 κτέ.
866 1975 1087 2061 Itaque
1134 1978 1342 2053 λέγειν
1391 1974 1906 2061 expungendum.

734 2189 1023 2275 Thucyd.
1088 2188 1201 2252 IV.
1266 2186 1371 2253 4¹7.
1436 2188 1509 2259 ὥς
1559 2188 1612 2251 δ’
1674 2226 1742 2235 ——
1795 2188 2154 2269 ἐλήφθησαν
2203 2188 2490 2255 ἐλέλυντό
2535 2194 2715 2257 τε-οεὶ
2763 2192 3018 2258 σπονδαὶ

644 2294 751 2359 καὶ
820 2302 947 2365 τοῖς
1020 2294 1395 2372 Κορκυραίοις
1461 2292 1877 2371 παρεδΕδοντο
1942 2296 1991 2358 οἱ
2057 2294 2310 2365 πάντες.
2361 2295 2782 2363 Herwerden:
2837 2299 3022 2376 „libri

646 2401 963 2465 deteriores
1011 2398 1453 2479 παρεδίδοντο.”
1498 2419 1658 2482 quae
1696 2400 1881 2464 unice
1920 2420 2069 2465 vera
2105 2400 2295 2466 lectio
2337 2410 2430 2466 est
2469 2404 2548 2467 ab
2573 2412 2758 2469 acuto
2783 2406 3022 2471 Graeco

640 2512 907 2594 reperta.

734 2720 1021 2806 Thucyd.
1088 2719 1199 2785 IV.
1266 2719 1369 2785 47.
1432 2717 1491 2782 3.
1541 2720 1644 2783 καὶ
1698 2716 1899 2797 ῧςερον
1948 2718 2278 2797 ἐξάγοντες
2330 2759 2414 2770 -·-
2463 2723 2670 2802 διῆγον
2714 2724 2814 2788 δια
2865 2723 3022 2787 δυοῖν

644 2827 877 2908 ςοίχοιν
948 2827 1229 2890 ὁπλιτῶν.
1342 2825 1714 2910 Legendum
1789 2824 2239 2905 ἐξαγαγόντες.
2332 2831 2549 2906 ’Άγων
2621 2836 2684 2895 et
2753 2831 3020 2908 ἀγαγών

644 2957 791 3002 cum
855 2933 1221 3016 compositis
1280 2934 1626 2995 sexcenties
1672 2931 2163 2997 confunduntur.
2211 2933 2442 2998 Editur
2489 2957 2620 3019 cap.
2677 2935 2782 3002 53.
2843 2934 3022 3011 Ἀθη-

642 3050 795 3106 ναῖοι
845 3075 927 3086 ——
980 3037 1318 3110 Μιλησίους
1371 3035 1471 3100 καὶ
1520 3034 1748 3108 ἄλλους
1799 3037 1971 3107 τινας
2019 3039 2379 3115 ἀγαγόντες
2431 3041 2840 3120 ἐςράτευσαν,
2889 3045 3020 3106 imo

643 3167 792 3213 vero
854 3145 1115 3221 ἄγοντες
1142 3193 1155 3219 ,
1214 3163 1368 3227 quos
1414 3163 1629 3207 secum
1680 3142 2008 3207 ducebant.
2084 3143 2279 3208 Recte
2326 3166 2462 3230 cap.
2512 3147 2620 3213 47.
2673 3185 2754 3195 —-
2805 3149 2890 3224 μὴ
2943 3146 3018 3212 ἂν

642 3250 973 3329 βούλεσθαι
1042 3286 1123 3296 -
1192 3248 1299 3321 τὴν
1347 3249 1529 3324 τιμὴν
1576 3255 1701 3318 τοῖς
1748 3247 1970 3325 ἄγουσι
2016 3259 2437 3328 προσποιῆσαι.
2485 3251 2679 3317 Recte
2727 3275 2860 3338 cap.
2912 3253 3018 3320 57.

640 3359 780 3429 τοὺς
832 3355 1170 3432 Αἰγινήτας
1226 3391 1304 3400 —-
1355 3351 1615 3429 ἄγοντες
1668 3354 1963 3433 ἀφίκοντο
2010 3357 2069 3427 ἐς
2120 3358 2236 3427 τὰς
2289 3357 2575 3430 Ἀθήνας.
2627 3364 2690 3422 et
2735 3359 2811 3422 ΙΙ.
2869 3358 3017 3423 103.

641 3461 1081 3530 κατέπλευσαν
1134 3498 1209 3508 -
1265 3457 1523 3536 ἄγοντες
1572 3496 1655 3504 -
1701 3458 1819 3530 τὰς
1871 3463 2016 3530 ναῦς
2064 3455 2140 3532 ἃς
2191 3456 2364 3527 εἶλον.

732 3671 1028 3756 Thucyd.
1089 3668 1195 3733 IV.
1246 3667 1352 3732 48.
1405 3669 1470 3731 4.
1519 3669 1633 3740 τὰς
1686 3670 1750 3734 δὲ
1799 3707 1882 3717 -
1931 3669 2492 3749 ἧνδραποδίσανΤΟ
2545 3674 2840 3754 ΤΟιούτῳ
2889 3676 3018 3740 κτὲ.

642 3778 841 3844 Recte
888 3774 1069 3840 Stahl
1119 3773 1580 3854 ἠνδραπόδισαν.
1650 3773 1919 3840 Mirifice.
1967 3781 2063 3839 est
2109 3779 2279 3839 enim
2327 3776 2722 3864 Thucydidis
2767 3783 2834 3845 in
2870 3801 3021 3846 non-

643 3884 843 3951 nullis
904 3883 1122 3946 formis
1184 3880 1534 3945 constantia
1574 3901 1822 3965 semper
1871 3880 1955 3944 τὰ.
2007 3881 2174 3945 αὐτὰ
2223 3883 2355 3961 περὶ
2406 3890 2520 3946 τῶν
2569 3887 2766 3948 αὐτῶν
2815 3887 3023 3962 λέγον-

645 4013 771 4062 τος.
865 3987 951 4054 Et
1016 3986 1245 4069 reliqui
1309 3991 1372 4050 et
1432 3985 1794 4050 Herodotus
1841 3989 1909 4049 in
1954 3987 2070 4051 tali
2117 4009 2184 4052 re
2231 3991 2618 4075 usurpabant
2671 3990 3023 4070 ἀνδραποδί-

644 4097 873 4160 σασθαι
942 4101 1006 4158 et
1077 4089 1728 4170 ἐξανδραποδίσασθαι.
1801 4090 2207 4177 Thucydides
2265 4096 2501 4179 ubique
2563 4098 3018 4177 ἀνδραποδίσαι.

645 4200 811 4280 Quid
882 4199 1001 4264 hoc
1071 4197 1209 4262 loco
1282 4198 1517 4260 vitium
1588 4201 1903 4280 pepererit
1965 4199 2158 4263 vides.
2251 4199 2323 4264 In
2371 4201 2516 4266 aliis
2566 4207 2798 4270 variat:
2850 4213 3024 4271 amat

644 4307 849 4371 dicere
919 4302 1357 4381 μεταπέμπω,
1420 4302 1527 4366 sed
1595 4323 2070 4387 nonnumquam
2134 4328 2281 4370 cum
2329 4307 2559 4392 populo
2606 4306 3028 4390 μεταπέμπο-”

641 4436 759 4498 μαι
810 4412 987 4477 dicit.
