3369 5142
578 1073 1150 1164 LECTIONES
1209 1073 1623 1164 CODIOIS
1687 1075 2196 1166 SINAITICI
2255 1076 2779 1176 QUATUOR.

1536 1314 1818 1362 scmfsu·

1241 1507 1303 1574 J.
1349 1509 1435 1574 H.
1484 1509 1560 1572 A.
1608 1507 2132 1576 MICHELSEN.

592 1977 720 2038 Act.
770 1973 868 2039 IV
890 1993 904 2037 ε
961 1975 1020 2041 7.
1070 1975 1361 2039 Verbum
1408 1984 1608 2041 πονεῖν
1655 1996 2044 2060 quamquam
2095 1979 2162 2040 in
2209 1977 2388 2042 LXX
2428 1999 2612 2062 saepe
2663 1999 2874 2043 occur-

498 2084 615 2165 rit,
678 2103 801 2146 non
864 2081 1105 2168 legitur
1159 2081 1347 2146 hodie
1416 2085 1485 2145 in
1556 2082 1737 2146 Novo
1805 2082 2231 2146 Testamento.
2329 2083 2592 2148 Duobus
2659 2091 2874 2149 tamen

498 2188 654 2252 locis
693 2191 830 2274 jam
874 2195 1243 2252 revocatum
1292 2187 1418 2251 fuit
1466 2209 1502 2252 a
1550 2189 1870 2252 veteribus
1920 2191 2190 2263 criticis,
2239 2209 2387 2252 nam
2429 2189 2660 2254 Matth.
2703 2189 2870 2254 XX:

504 2294 586 2359 12
648 2293 966 2357 Patricius
1029 2291 1261 2357 Junius
1326 2293 1435 2375 (cf.
1504 2293 1792 2357 Naberus
1855 2296 1921 2356 in
1969 2293 2207 2357 Mnem.
2258 2293 2442 2358 XVI.
2491 2317 2553 2378 p.
2605 2293 2764 2380 359)
2811 2299 2876 2358 et

497 2400 696 2465 Hebr.
746 2399 916 2463 XII:
964 2395 1051 2462 2¹7
1103 2397 1480 2463 Lambertus
1526 2399 1753 2463 Bosius
1799 2399 2198 2481 emendavit,
2242 2403 2346 2464 cui
2386 2398 2874 2464 Valckenaerius

504 2507 929 2594 adstipulatus
996 2513 1109 2569 est.
1207 2503 1329 2569 Sed
1378 2505 1619 2593 legitur
1664 2507 1810 2570 Act.
1861 2504 1982 2569 IV:
2037 2503 2101 2569 7:
2188 2508 2248 2569 ἕν
2311 2511 2460 2589 ποίᾳ
2526 2506 2778 2583 δυνάμει
2843 2505 2875 2578 ἢ

500 2618 561 2680 ἐν
622 2617 766 2694 ποίῳ
832 2611 1083 2687 ὀνόματι
1152 2614 1604 2680 ἐποιήσατε
1652 2617 1891 2675 τοῦτο
1943 2614 2152 2697 ὑμεῒς;
2247 2613 2323 2677 In
2367 2614 2686 2679 codicibus
2733 2633 2874 2697 pro-

496 2743 725 2788 nomen
771 2725 949 2783 τοῦτο
994 2739 1118 2783 non
1166 2719 1357 2783 habet
1404 2725 1647 2783 certum
1699 2720 1942 2795 locum,
1993 2740 2064 2783 ac
2103 2727 2424 2804 praeterea
2463 2722 2526 2783 in
2567 2718 2873 2784 Sinaitico

495 2829 661 2895 libro
724 2832 855 2891 est:
920 2832 1099 2888 τοῦτο
1158 2832 1385 2888 ποιεῖτε
1453 2826 1625 2901 ὑμεῖς
1642 2846 1657 2901 ;
1728 2825 1835 2889 sed
1893 2825 2032 2908 ipsa
2077 2828 2280 2909 prima
2328 2846 2556 2890 manus
2603 2827 2874 2890 correxit

500 2934 863 3013 ἐποιήσατε,
916 2952 1077 3016 quae
1123 2931 1512 3016 reliquorum
1561 2934 1850 2996 omnium
1896 2930 2204 2996 librorum
2247 2931 2438 2995 lectio
2477 2939 2594 2995 est.
2639 2932 2872 3017 Ecquis

499 3042 791 3105 dubitare
834 3046 1077 3124 potest,
1128 3041 1282 3123 quin
1326 3042 1679 3126 genuinum
1730 3041 1846 3102 sit:
1895 3040 1952 3101 ἓν
2001 3039 2148 3120 ποίᾳ
2195 3040 2447 3113 δυνάμει
2511 3038 2544 3111 ἢ
2612 3040 2672 3102 ἒν
2729 3038 2872 3117 ποίῳ

496 3146 750 3226 ὀνόματι
800 3154 1127 3211 πονεῖτε
1176 3146 1374 3221 ὑμεῖς.

591 3362 719 3423 Act.
784 3356 1031 3422 XXVI:
1082 3356 1189 3421 21.
1239 3357 1573 3421 Invenitur
1618 3357 1722 3420 hic
1768 3356 2048 3420 medium
2101 3358 2361 3419 verbum
2415 3354 2874 3431 συλλαβόμενοι

496 3488 609 3553 pro
659 3462 1083 3542 συλλαβόντες
1134 3470 1533 3547 usurpatum.
1582 3461 1810 3525 Veram
1859 3463 2237 3544 scripturam
2285 3460 2626 3525 Sinaiticus
2683 3452 2876 3526 codex

499 3572 917 3647 monstrabit,
983 3573 1046 3633 in
1114 3588 1239 3653 quo
1304 3575 1400 3633 est
1464 3574 2252 3643 ΣΤΛΛΛΒΟΤΜΕΝΟΙ,
2320 3567 2487 3651 quod
2547 3588 2698 3632 mox
2743 3570 2878 3631 vidi

499 3698 830 3765 perperam
904 3696 1037 3741 esse
1108 3678 1416 3759 scriptum
1490 3696 1601 3758 pro
1676 3680 2266 3737 ΕΤΛΑΒΟΤΜΕΝ
2280 3683 2387 3737 01.
2482 3672 2661 3737 Haec
2729 3694 2877 3737 vera

498 3788 808 3869 scriptura
868 3788 995 3846 est:
1063 3780 1531 3858 εὐλαβούμενοι.
1575 3782 1805 3844 Ἕνεκα
1853 3778 2080 3842 τούτων
2126 3804 2210 3855 με
2256 3780 2526 3844 Ἰουδαῖοι
2577 3780 2877 3854 εὐλαβού-

498 3915 665 3969 μενοι
731 3892 789 3954 ἐν
854 3891 937 3969 τῷ
1004 3890 1133 3966 ispe}
1198 3888 1513 3965 ἐπειρῶντο
1564 3886 2093 3964 διαχειρίσασθαι·
2140 3887 2258 3951 hoc
2303 3886 2620 3971 intelligo,
2719 3884 2876 3947 Vide

497 3998 768 4065 verbum
816 3994 1224 4073 εὐλαβεῖσθαι
1271 3992 1415 4056 Act.
1469 3991 1738 4057 XXIII:
1797 3990 1874 4054 10
1923 3992 2012 4075 (in
2052 4000 2234 4057 textu
2274 3992 2546 4076 recepto)
2591 3998 2654 4054 et
2677 3987 2874 4053 Hebr.

592 4320 721 4381 Act.
763 4313 1041 4379 XXVII:
1084 4312 1123 4378 Ι7
1170 4313 1259 4389 μὴ
1298 4317 1663 4391 προσεῶντος
1708 4312 1872 4386 ἡμᾶς
1897 4314 2003 4375 τοῦ
2029 4310 2277 4387 ιένὲμου.
2327 4306 2548 4373 Daniel
2571 4306 2878 4372 Heinsius

492 4428 629 4512 jam
688 4420 1008 4486 intellexit·
1072 4418 1409 4484 absurdam
1471 4416 1810 4482 lectionem
1877 4436 2008 4481 esse
2069 4417 2432 4495 προσεῶντος
2451 4462 2466 4489 ,
2537 4414 2648 4479 sed
2711 4412 2877 4499 quod
