3369 5142
1371 339 1800 395 trnucrnmm.
2297 353 2304 364 ·
2651 315 2782 396 165

395 515 645 596 βάσεων
692 513 868 582 ἅπαν
918 516 1221 596 ὑψηλόν
1289 517 1410 587 ἐςι
1474 516 1609 583 καὶ
1676 516 2174 596 κρημνῶδες,
2239 515 2342 581 καὶ
2393 515 2780 586 ἐπικέκλιται

396 623 539 702 πρὸς
601 623 711 696 τὴν
772 621 985 701 πόλιν,
1049 621 1165 690 ὅτε
1226 623 1595 706 καταφανὲς
1661 621 1944 688 ἔσωθεν
2006 618 2182 688 εἶναι.
2277 620 2479 688 Cuius
2547 623 2779 690 scholii

393 750 540 815 pars
602 732 773 817 prior
818 731 908 807 μη
967 767 1047 778 --
1096 728 1399 795 ὦκουέσθω
1446 751 1647 814 quum
1695 729 2036 796 manifesto
2082 737 2324 816 pugnet
2369 750 2519 794 cum
2566 736 2780 815 poste-

391 835 589 912 riore,
630 837 695 901 in
739 855 865 920 qua
895 836 1035 920 ipse
1059 841 1279 900 auctor
1300 837 1589 921 sequitur
1612 856 1805 920 quam
1832 835 2137 900 dissuasit
2159 836 2744 920 interpretationem
2763 884 2782 915 ,

392 939 615 1026 procul
659 940 854 1006 dubio
894 941 1339 1028 corrigendum
1381 947 1512 1006 est:
1554 943 1642 1019 μὴ
1684 941 1756 1024 (i.
1785 961 1838 1006 e.
1887 939 2057 1024 ἴσως)
2107 939 2205 1004 ἐπὶ
2250 943 2357 1005 τοῦ
2407 939 2782 1018 ἐξηρτῆσθαι

398 1047 595 1131 (recte
634 1043 897 1112 Classen
938 1045 1205 1131 ἐξῆρθαι)
1246 1043 1349 1111 καὶ
1392 1045 1791 1127 μετεωρίσθαι
1839 1044 2251 1114 οὶκουςέον.
2345 1045 2541 1133 Legit
2577 1049 2785 1134 igitur

399 1153 455 1215 is
516 1151 685 1236 qnod
751 1151 939 1218 hodie
1005 1153 1287 1240 legimus
1352 1155 1419 1217 in
1481 1157 1665 1217 textu
1727 1150 2140 1238 Thucydideo
2201 1148 2560 1230 ἐξήρτηται,
2615 1151 2782 1236 quod

396 1254 657 1322 Classen
721 1277 758 1322 a
818 1257 1135 1344 Kruegeri
1192 1260 1551 1324 coniectura
1614 1257 1862 1337 ἐξῆρται
1927 1256 2208 1322 defendit
2268 1256 2596 1322 Strabonis
2642 1256 2780 1326 loco

396 1361 517 1427 VII
569 1365 621 1442 1,
676 1362 715 1427 3
764 1361 1090 1444 ἐξήρτηται
1144 1364 1177 1438 ἦ
1224 1363 1401 1442 χώρα
1450 1364 1593 1445 πρὸς
1636 1363 1840 1440 νότον,
1883 1362 2129 1427 dudum
2170 1360 2473 1427 similiter
2507 1374 2783 1428 correcto

393 1488 432 1535 a
500 1467 906 1553 CasaubonO,
986 1476 1050 1534 et
1126 1467 1503 1557 Vergiliano
1578 1468 1694 1534 illo
1769 1469 1932 1533 camis
2009 1490 2292 1550 suspensa
2367 1489 2575 1552 rupes,
2655 1488 2780 1534 non

390 1581 691 1661 reputans
761 1574 1122 1653 ἐξηρτῆσθαι
1196 1594 1319 1640 non
1384 1573 1768 1660 simpliciter
1829 1572 2190 1660 significare
2250 1595 2590 1658 aspamam
2636 1595 2779 1652 ene,

396 1680 508 1746 sed
568 1703 911 1765 suspensum
972 1702 1095 1744 eece
1151 1703 1223 1746 ex
1283 1680 1505 1766 aliquo.
1598 1679 1698 1745 De
1745 1682 2013 1745 veritate
2057 1680 2264 1765 igitur
2305 1677 2780 1767 Kruegerianae

395 1787 857 1854 emendationis
904 1792 1217 1872 punctum
1266 1787 1571 1872 temporis
1618 1805 1744 1850 non
1789 1784 2049 1868 dubito,
2096 1805 2212 1850 nec
2257 1784 2580 1851 dubitavit
2619 1785 2784 1851 Bad-

394 1893 579 1971 ham,
652 1895 763 1978 qui
822 1897 1035 1958 totum
1097 1892 1313 1957 locum
1376 1895 1467 1958 sic
1530 1891 1842 1959 tentavit:
1894 1889 2138 1969 ἐξῆρται
2187 1891 2316 1972 γὰρ
2364 1895 2468 1956 τοῦ
2520 1889 2777 1956 ἄλλου

396 1999 689 2078 χωρίου
762 1998 867 2061 καὶ
939 1997 1127 2080 μέχρι
1190 2005 1301 2072 τῆς
1366 1996 1600 2069 πόλεως
1666 1995 1970 2068 ἐπικλινές
2031 1995 2102 2062 τέ
2165 1997 2256 2066 ἐςι
2319 1997 2424 2061 καὶ
2477 1997 2776 2079 ἐπιφανὲς

396 2108 557 2170 πᾶν·
628 2105 704 2176 ἐς
779 2100 809 2169 ὃ
882 2103 985 2168 κα)
1053 2103 1367 2180 ὧνόμαςαι
1417 2139 1503 2156 —-
1554 2102 1655 2169 διὰ
1719 2103 1790 2168 τὸ
1855 2103 2151 2176 ἐπιπολῆς
2218 2107 2325 2168 τοῦ
2377 2101 2574 2169 ἄλλου
2623 2097 2778 2168 εἶναι

394 2211 757 2275 Ἐπιστολαί.
831 2206 1086 2275 Classen
1158 2211 1647 2296 interpretatur:
1718 2207 1860 2288 „Im
1921 2210 2144 2274 innern
2208 2209 2344 2296 (der
2403 2207 2617 2294 Stadt)
2677 2209 2778 2276 od.

396 2316 601 2393 „nach
664 2318 855 2381 innen
920 2337 999 2380 zu
1046 2317 1133 2380 ist
1176 2336 1300 2382 von
1349 2315 1491 2380 dem
1539 2312 1848 2400 Epipolae
1891 2313 2086 2379 herab
2133 2314 2289 2380 alles
2337 2313 2654 2394 sichtbar,
2703 2336 2781 2380 zu

397 2421 855 2500 „iibersehen”
960 2423 1049 2488 At
1116 2421 1531 2486 manifestum
1603 2425 1701 2486 est
1767 2422 1862 2485 ita
1929 2419 2335 2485 scribendum
2407 2419 2602 2486 fuisse
2673 2421 2778 2486 καὶ

392 2527 694 2609 ἐπιφανὲς
758 2527 1025 2593 ἐντεῦθεν
1074 2529 1202 2593 πᾶν
1251 2527 1321 2593 τὸ
1372 2526 1521 2612 ἔσω,
1572 2547 1690 2593 nec
1736 2525 2032 2606 ἐπιφανές
2083 2525 2160 2591 de
2205 2526 2332 2591 alia
2377 2544 2445 2591 re
2492 2526 2779 2616 intelligi

388 2654 571 2719 posse
632 2654 825 2718 quam
888 2634 965 2699 de
1026 2656 1150 2719 qua
1214 2635 1459 2700 dictum
1508 2640 1603 2699 est
1652 2631 1992 2716 ἐπικλινές,
2036 2634 2255 2718 itaque
2302 2633 2378 2698 de
2425 2635 2582 2717 ipsis
2628 2632 2778 2719 Epi·

390 2738 587 2826 polis,
658 2740 738 2805 ad
797 2760 951 2824 quas
1008 2744 1135 2805 πᾶν
1199 2760 1447 2825 quoque
1511 2742 1802 2825 pertinet.
1861 2738 2033 2803 Ἔσω
2097 2740 2149 2803 si
2213 2743 2382 2803 recte
2437 2738 2631 2804 habet
2679 2746 2776 2805 est

389 2845 724 2929 intr-orm,
775 2844 912 2909 scil.
960 2848 1040 2910 iis
1088 2848 1197 2930 qui
1236 2848 1304 2910 in
1342 2847 1499 2911 urbe
1538 2852 1715 2923 sunt,
1759 2852 1884 2917 τοῖς
1927 2844 2120 2921 ἔνδον,
2161 2853 2227 2910 et
2264 2843 2334 2908 τὸ
2373 2842 2534 2909 ἄλλο
2558 2847 2774 2925 χωρίον

390 2955 561 3016 recte
642 2950 1042 3036 interpretari
1126 2950 1379 3016 videtur
1446 2950 1819 3016 Scholiasta.
1917 2950 2126 3016 Valde
2192 2956 2406 3015 tamen
2477 2955 2541 3017 et
2607 2951 2772 3015 mihi
2866 2969 2870 2974 ·

389 3061 681 3143 suspecta
730 3063 825 3122 est
879 3078 1002 3123 vox
1050 3054 1186 3141 ἔσω,
1234 3056 1309 3123 el.
1355 3056 1484 3122 VII
1532 3056 1615 3121 19
1661 3058 1764 3121 ἐπὶ
1813 3056 1876 3121 δὲ
1916 3058 2000 3137 τῷ
2041 3056 2223 3138 πεδίῳ
2265 3056 2368 3121 καὶ
2411 3064 2522 3131 τῆς
2560 3056 2769 3139 χώρας

387 3172 515 3235 τοῖς
556 3164 860 3247 κρατίςοις
902 3164 991 3247 [ἐς
1026 3162 1095 3228 τὸ
1136 3171 1497 3245 κακουργεῖν
1538 3164 1836 3248 putidum
1877 3169 1974 3228 eet
2013 3163 2360 3249 emblema]
2409 3163 2770 3245 ᾠκοδομεῖτο

386 3268 457 3333 τὸ
506 3279 763 3351 τεῖχος,
815 3270 1220 3352 ἐπιφανὲς
1268 3269 1511 3351 μέχρι
1562 3276 1706 3345 τῆς
1757 3266 2392 3343 τῶνἋθηναίων
2433 3268 2767 3345 πόλεως.

384 3366 627 3442 Verum
675 3376 929 3442 videtur
977 3376 1039 3448 ἐς
1089 3368 1137 3440 ὃ.

475 3480 563 3546 VI
621 3478 728 3557 9¹7,
784 3484 841 3547 1.
909 3484 989 3546 Οἱ
1037 3481 1091 3546 δ’
1137 3481 1459 3556 Ἀθηναῖοι
1510 3480 1748 3555 ταύτης
1798 3488 1907 3557 τῆς
1955 3480 2166 3553 νυκτὸς
2215 3490 2307 3563 τῇ
2357 3482 2769 3560 ἐπιγιγνο-

384 3587 577 3667 μένη
625 3587 1115 3669 ἐξητάζοντο
1164 3587 1299 3652 καὶ
1350 3586 1567 3651 ἔλαθον
1603 3588 1828 3660 αὐτοὺς
1867 3587 2055 3651 παντὶ
2094 3586 2204 3664 ἤδη
2246 3588 2332 3667 τῷ
2370 3588 2764 3669 ςρατεύματι

383 3691 453 3757 ἐκ
512 3698 621 3766 τῆς
674 3691 961 3768 Κατάνης
1008 3692 1269 3773 σχόντες
1320 3692 1449 3757 κτέ.
1545 3691 1806 3758 Classen
1856 3697 2111 3777 recepta
2153 3692 2475 3778 Popponis
2521 3697 2764 3761 coniec-

380 3800 553 3871 tura,
604 3794 641 3878 ᾖ
686 3807 763 3879 τῇ
807 3805 1131 3883 praeterea
1177 3799 1288 3864 καί
1333 3800 1617 3864 mutavit
1660 3802 1729 3864 in
1777 3798 2026 3863 ἐκεῖναι.
2120 3798 2260 3885 Ego
2307 3802 2520 3884 potius
2568 3802 2762 3867 verba

378 3912 457 3985 τῇ
502 3940 583 3951 -
628 3900 991 3985 ἐξηταζοντο
1038 3904 1356 3971 scholium
1401 3925 1535 3971 esse
1580 3903 1959 3969 crediderim
2005 3906 2360 3992 marginale
2405 3906 2484 3971 ad
2522 3906 2760 3981 ταύτης

377 4016 489 4085 τῆς
554 4008 800 4088 νυκτός,
863 4010 1031 4097 quod
1094 4010 1327 4098 aliquis
1385 4010 1464 4076 ad
1524 4014 1776 4076 textum
1841 4011 2154 4095 pertinere
2201 4017 2378 4076 ratus
2423 4014 2761 4078 inseruerit

378 4114 593 4181 addita
633 4116 710 4181 de
732 4136 909 4181 more
933 4115 1161 4183 vocula
1184 4116 1311 4181 καί.
1338 4115 1585 4197 Quibus
1610 4117 1864 4181 omissis
1885 4114 2232 4202 significari
2255 4122 2507 4183 noctem
2531 4117 2761 4183 lustra·

378 4220 537 4287 tioni
576 4242 1013 4308 praegressam
1054 4224 1208 4289 satis
1242 4221 1487 4287 clarum
1506 4272 1521 4294 ‚
1564 4226 1638 4287 ut
1678 4223 1937 4307 opinor,
1979 4219 2282 4287 reddebat
2307 4228 2442 4289 tota
2461 4226 2762 4289 narratio.

471 4326 568 4392 VI
618 4326 748 4393 100
795 4330 833 4413 ξ
881 4329 913 4395 1
968 4334 1123 4395 extr.
1177 4329 1227 4395 οἱ
1276 4328 1331 4393 δ’
1380 4325 1704 4401 Ἀθηναῖοι
1739 4327 2374 4407 -τριακοο-Ιους
2425 4330 2540 4406 μὲν
2587 4336 2762 4409 σφῶν

383 4434 583 4498 αὐτῶν
655 4433 937 4512 λογάδας
1008 4472 1089 4485 -
1154 4432 1509 4515 προύταξαν
1580 4435 1700 4499 θεῖν
1772 4430 1966 4514 δρόμῳ
2037 4432 2405 4511 ἐξαπιναίως
2477 4436 2620 4518 πρὸς
2691 4438 2760 4509 τὸ
