3369 5142
666 271 795 344 196
1731 293 1972 346 mosao.

671 469 883 556 loloyie
928 467 1111 535 Tom.
1159 468 1241 535 11.
1289 491 1437 559 pag.
1490 469 1845 538 144-175
1893 472 2012 538 hoc
2058 469 2286 538 titulo:
2341 468 2466 535 Sur
2502 468 2568 534 la
2603 467 2697 534 Xe
2736 469 2928 534 satire
2967 465 3072 532 du

670 575 756 640 1⁰1
788 575 954 642 livre
1000 575 1333 643 d’Horace:
1385 598 1635 666 voyage
1680 581 1720 643 a
1769 577 2058 644 Erindes,
2153 577 2254 642 Ad
2299 574 2729 642 versiculum:

1052 686 1337 748 mansuri
1380 685 1677 772 oppidulo
1725 688 1892 772 quod
1935 709 2110 750 ver-su
2155 687 2349 748 dicere
2393 705 2516 746 non
2559 693 2648 747 est

674 791 1001 855 annotavit
1046 810 1189 877 pag.
1253 789 1411 857 1¹73:
1468 791 1569 854 La
1606 795 1800 878 petite
1844 791 1980 856 ville
2026 791 2128 878 ρκ’
2176 789 2423 854 Horace
2467 810 2540 852 nc
2579 800 2733 875 peut
2780 810 3070 853 nommer

670 899 827 960 dam
874 921 959 960 un
1005 919 1137 960 vers
1182 897 1529 962 hexametre
1574 911 1661 962 est
1701 896 2010 962 Asculum
2059 897 2342 981 Apulum
2389 908 2448 960 et
2492 917 2616 959 non
2661 893 2882 977 Equus
2927 893 3069 957 Tu-

669 1003 871 1087 ticus,
935 1025 1161 1067 comme
1228 1003 1653 1089 quelques-uns
1721 1003 1874 1068 l’ont
1939 1028 2082 1080 cru,
2153 1027 2261 1068 car
2328 1013 2472 1066 cette
2538 1001 2813 1065 dernier-e
2875 1021 2952 1064 ne
2995 1021 3070 1064 se

672 1109 946 1172 trouvait
987 1131 1112 1195 pas
1158 1131 1269 1172 swr-
1314 1131 1385 1172 sa
1432 1121 1624 1172 route.
1689 1109 1760 1172 Il
1802 1121 1890 1174 est
1936 1110 2076 1174 vrai
2119 1107 2273 1195 qu’il
2317 1109 2531 1172 aur-ait
2576 1107 2710 1170 bien
2748 1129 2847 1192 pu
2880 1106 3070 1192 faire

672 1225 877 1276 entrer
944 1213 997 1277 le
1056 1237 1199 1278 nom
1263 1213 1629 1278 d’Asculum
1693 1217 1848 1279 dans
1912 1237 2021 1280 son
2079 1237 2210 1280 vers
2230 1261 2245 1290 ‚
2309 1214 2469 1277 mais
2537 1214 2578 1276 ὰ
2635 1212 2819 1276 l'aide
2878 1209 3068 1275 d’une

671 1317 883 1382 dli-sion
929 1318 1078 1405 qu'il
1120 1343 1161 1383 a
1208 1321 1390 1385 voulu
1428 1321 1631 1384 dviter.
1705 1321 1911 1386 Periit
1957 1323 2164 1386 omnis
2210 1317 2509 1385 versiculi
2557 1316 2733 1403 lepor
2751 1363 2768 1394 ,
2817 1319 2872 1382 si
2917 1322 3064 1382 tam

671 1422 859 1488 facile
918 1445 1148 1490 nomen
1186 1419 1483 1511 'oppiduli
1530 1427 1814 1491 numeris
1860 1426 2188 1510 dactylicis
2234 1426 2439 1510 aptari
2484 1426 2696 1510 potuit
2743 1429 2807 1489 et
2852 1443 3058 1508 paene

676 1529 1023 1595 ridiculum
1104 1536 1199 1596 est
1277 1532 1528 1596 credere
1595 1531 1942 1598 Horatium
2007 1531 2378 1597 huiusmodi
2447 1530 2778 1596 elisionem
2844 1531 3056 1594 vitare

674 1635 986 1722 voluisse,
1050 1657 1173 1722 qua
1232 1638 1396 1702 nihil
1462 1644 1559 1703 est
1606 1638 1774 1723 apud
1815 1643 2032 1724 poetas
2079 1640 2313 1703 tritius.
2411 1636 2674 1702 Accedit
2719 1636 2886 1720 quod
2932 1635 3064 1700 As-

676 1743 879 1807 culum
941 1749 1272 1828 poetarum
1331 1765 1507 1810 more
1570 1747 1638 1809 in
1703 1743 1959 1809 Acelum
2019 1745 2306 1810 contrahi
2368 1748 2652 1829 poterat,
2716 1746 2782 1808 et
2841 1741 3054 1819 Ascli,

679 1848 864 1915 Asclo
910 1850 1037 1915 dici
1081 1848 1354 1926 licebat,
1406 1857 1481 1914 ut
1526 1849 1694 1936 apud
1741 1848 1978 1914 Silium
2027 1849 2322 1915 Italicum
2368 1846 2538 1913 VIII.
2590 1846 2742 1913 438.

1082 1955 1339 2020 Hadria
1386 1969 1444 2020 et
1488 1957 1808 2021 inclemens
1854 1957 2084 2021 hirsuti
2129 1957 2392 2042 siymfer
2437 1954 2616 2020 Ascli.

767 2062 995 2128 Dicam
1064 2083 1179 2126 cur
1247 2059 1439 2126 fidem
1502 2061 1858 2126 habendam
1924 2075 2143 2147 putem
2206 2061 2408 2126 veteri
2471 2059 2898 2144 scholiastae,
2947 2059 3064 2144 qui

676 2169 935 2253 Equum
999 2165 1303 2232 Tuticum
1354 2165 1703 2254 significari
1751 2167 1934 2232 dixit.
1985 2166 2278 2231 Primum
2329 2168 2480 2251 quia
2523 2165 2743 2249 Equus
2793 2163 3062 2230 Tuticus

682 2276 921 2360 (prima
979 2273 1198 2360 longa)
1260 2271 1439 2337 nullo
1487 2271 1675 2338 modo
1723 2272 1801 2338 ad
1849 2293 2148 2337 numeros
2195 2273 2543 2360 dactylicos
2589 2271 3064 2338 accommodari

678 2385 907 2465 potest.
1006 2379 1251 2444 Deinde
1314 2381 1465 2463 quia
1522 2383 1769 2445 constat
1830 2399 1966 2452 eos,
2032 2381 2142 2464 qui
2189 2377 2305 2444 illa
2350 2383 2556 2443 aetate
2601 2377 2808 2444 Roma
2854 2378 3062 2442 Brun·

676 2487 913 2552 disium
960 2487 1085 2550 iter
1131 2485 1433 2562 facerent,
1486 2505 1599 2570 per
1641 2484 1895 2569 Equum
1937 2483 2239 2550 Tuticum
2281 2485 2548 2550 transire
2573 2483 2789 2549 solere.
2833 2482 3058 2549 Cicero

677 2593 901 2658 scribit
960 2591 1039 2656 ad
1099 2590 1394 2655 Atticum
1458 2589 1561 2655 VI.
1618 2590 1673 2654 1.
1731 2591 1801 2654 1:
1869 2591 2111 2676 (literas
2167 2592 2405 2677 accepi)
2467 2614 2671 2656 omnes
2715 2591 2857 2678 fere
2901 2615 3060 2678 quas

674 2722 1110 2766 commemoras
1175 2711 1424 2785 praeter
1492 2720 1591 2763 eac
1611 2746 1625 2774 ‚
1699 2722 1854 2784 quas
1923 2700 2134 2762 scribis
2203 2697 2458 2763 Lentuli
2505 2700 2722 2785 pueris
2766 2710 2826 2762 et
2871 2698 3058 2784 Equo

691 2806 901 2872 Tutico
962 2818 1020 2869 et
1081 2805 1429 2869 Brundisio
1475 2808 1675 2869 datas.
1775 2806 2028 2869 Atticus
2073 2806 2140 2868 in
2186 2804 2454 2889 Epirum
2501 2806 2624 2868 iter
2669 2804 2906 2869 faciens
2950 2802 3060 2888 (ad

677 2911 879 2977 Attio.
941 2910 1022 2974 V.
1088 2908 1189 2974 18.
1263 2909 1321 2972 1.
1389 2913 1453 2974 et
1499 2908 1583 2972 V.
1634 2908 1742 2973 21.
1796 2910 1862 2993 1)
1911 2908 2118 2975 Roma
2163 2909 2578 2975 Brundisium
2630 2909 3058 2995 proficiscitur

676 3023 740 3082 et
807 3016 875 3080 in
942 3018 1053 3081 via
1119 3014 1337 3080 literas
1408 3015 1485 3080 ad
1557 3011 1926 3081 Ciceronem
1999 3018 2251 3100 scripsit
2319 3020 2383 3081 et
2451 3015 2631 3100 Equo
2694 3014 2924 3081 Tutico
2988 3020 3058 3080 et

674 3122 1013 3187 Brundisio
1072 3122 1269 3186 datas.
1334 3120 1505 3209 Ergo
1569 3121 1984 3186 Brundisium
2047 3122 2290 3206 petenti
2336 3121 2558 3207 Equus
2605 3120 2872 3186 Tuticus
2917 3126 3056 3187 erat

676 3222 743 3294 in
810 3230 919 3293 via
988 3233 1051 3293 et
1122 3230 1376 3293 Atticus
1437 3231 1507 3291 in
1568 3248 1641 3293 eo
1698 3227 2000 3313 oppidulo
2059 3232 2136 3292 ut
2197 3227 2276 3293 ad
2336 3224 2704 3293 Ciceronem
2753 3228 3058 3295 scriberet

674 3335 1131 3421 aliquantisper
1176 3341 1461 3400 moratus
1508 3338 1624 3399 est.

763 3442 987 3525 Itaque
1044 3441 1159 3505 ubi
1218 3439 1594 3524 oppidulum
1656 3440 1877 3524 Equus
1932 3438 2200 3505 Tuticus
2258 3442 2459 3505 situm
2524 3440 2717 3506 fuerit
2775 3439 3054 3526 amplius

678 3546 1106 3631 quaerendum
1170 3566 1421 3629 censeo,
1480 3547 1549 3609 in
1612 3566 1739 3630 qua
1783 3566 1852 3610 re
1897 3546 2017 3610 hoc
2058 3545 2420 3611 tenebimus
2462 3545 2809 3611 Horatium
2855 3546 3052 3612 Bene-

677 3656 867 3717 vento
911 3671 1237 3737 egressum
1284 3649 1454 3735 Equi
1499 3649 1716 3716 Tutici
1761 3651 2088 3716 mansisse.

1739 3875 1980 3925 monuo,

1439 3996 1519 4063 ad
1564 3997 1854 4062 Atticum
1873 4091 1884 4101 .
1906 3995 2074 4063 VIII.
2124 3995 2186 4061 2.
2238 3995 2296 4061 4.

764 4180 902 4267 Eyo
942 4201 1066 4267 pro
1113 4176 1416 4263 Pompeio
1464 4174 1734 4240 lubenter
1779 4176 1974 4239 emori
2002 4144 2277 4261 possum.
2321 4174 2510 4240 Facio
2534 4176 2744 4262 pluris
2778 4176 3054 4242 omnium

670 4291 989 4355 hominum
1046 4284 1364 4348 neminem.
1458 4280 1581 4346 Sed
1638 4304 1764 4345 non
1826 4298 1936 4345 ITA
1995 4299 2064 4346 IN
2124 4304 2191 4346 eo
2253 4284 2452 4347 iudico
2512 4304 2682 4369 spem
2741 4285 2814 4346 de
2857 4282 3054 4348 salute

666 4398 758 4461 rei
796 4392 1092 4482 publicae.
1146 4387 1219 4452 In
1270 4385 1559 4452 Medioeo
1606 4392 1729 4451 est:
1783 4389 1888 4451 sed
1932 4410 2054 4453 non
2099 4391 2192 4451 ita
2239 4411 2360 4453 non
2407 4410 2537 4452 meo
2583 4389 2808 4453 iudicio
2857 4408 3051 4477 spem.
