3369 5142
549 274 634 343 50
1557 295 1944 348 maenas-n

551 470 878 536 Postrema
947 469 1141 536 huius
1211 470 1558 557 fragmenti
1618 469 1815 536 verba
1875 470 2045 534 inter
2100 473 2231 536 tres
2292 490 2588 556 personas
2650 469 2937 536 nondum

550 584 720 642 recte
767 575 972 641 divisa
1019 595 1154 641 esse
1203 575 1500 642 videntur
1523 625 1540 653 ,
1589 574 1701 640 sed
1745 595 1873 641 non
1916 576 2159 660 reperio
2206 576 2372 661 quod
2421 577 2585 641 mihi
2634 576 2714 642 ab
2761 577 2939 643 omni

549 686 728 766 parte
800 681 1132 748 satisfacit.
1224 680 1397 746 Illud
1460 681 1647 748 video
1710 688 1776 746 et
1836 680 2059 748 vident
2118 701 2337 747 omnes
2354 732 2371 766 ‚
2431 681 2753 770 anguillas
2810 683 2941 748 dici

553 808 678 853 non
739 808 921 873 posse
979 785 1305 851 κακόνωτα
1367 795 1582 851 πλοῖα.
1638 785 1968 869 Dobraeus
2012 788 2312 852 coniecit:
2364 799 2429 852 B.
2481 789 2547 854 τί
2591 788 2661 852 τὸ
2714 788 2921 866 κακόν;

553 905 630 959 Α.
699 887 744 973 ᾧ
804 892 890 956 τὰ
956 899 1193 970 πλοῖας
1262 891 1462 957 Addit
1519 890 1924 969 Meinekius,
1976 912 2044 956 se
2090 891 2157 957 id
2198 911 2324 958 non
2370 893 2766 980 intelligere,
2815 899 2937 960 etm

551 999 815 1065 fortasse
898 1018 1126 1064 verum
1197 997 1300 1062 sit.
1397 995 1715 1083 Equidem
1788 1017 2045 1062 sensum
2114 1017 2337 1063 eorum
2406 998 2749 1066 verborum
2814 1020 2943 1067 non
3050 1024 3061 1030 ··

552 1106 765 1192 magis
827 1105 1139 1189 perspicio
1195 1108 1261 1170 et
1308 1101 1504 1168 donec
1549 1101 1827 1168 Dobraei
1872 1104 2187 1188 scriptura
2231 1105 2639 1190 interpretem
2686 1106 2942 1172 invene·

551 1211 675 1286 rit,
743 1207 1095 1276 videndum
1142 1210 1298 1286 erit,
1347 1207 1661 1293 numquid
1709 1205 1945 1275 melius
1986 1207 2321 1294 exculpere
2364 1211 2707 1294 possimus.
2798 1211 2943 1277 Pri·

548 1336 733 1381 mum
751 1365 769 1401 ,
829 1334 1030 1399 quum
1093 1321 1286 1380 πλοῖα
1345 1315 1641 1399 ineptum
1688 1313 1816 1397 sit,
1863 1315 1977 1379 vix
2022 1313 2200 1380 aliud
2246 1314 2445 1381 latere
2492 1320 2702 1400 potest
2746 1336 2942 1402 quam

551 1429 717 1488 λεῖα.
765 1428 946 1492 Δεῖος
994 1417 1192 1500 ὥσπερ
1241 1418 1519 1502 ἔγχελυς
1566 1418 1973 1504 proverbium
2024 1425 2121 1485 est
2166 1421 2325 1486 satis
2370 1422 2625 1486 tritum.
2695 1420 2937 1488 Deinde

554 1527 774 1594 eoloris
817 1529 884 1592 in
931 1525 1257 1614 anguillae
1303 1525 1723 1611 descriptione
1768 1526 2161 1591 mentionem
2200 1525 2516 1602 desidero;
2560 1525 2689 1592 fuit
2724 1532 2944 1593 autem

557 1653 632 1700 ea
677 1632 1027 1713 λευκόχρως
1075 1637 1240 1698 teste
1285 1630 1542 1698 Eubulo
1588 1629 1820 1696 Athen.
1871 1628 1989 1695 VII
2035 1651 2100 1716 p.
2140 1627 2273 1696 300
2315 1629 2390 1696 B.
2437 1629 2609 1697 Hinc
2632 1632 2939 1698 scribam:

919 1738 1004 1805 τὰ
1052 1738 1517 1805 λευκόνωτα
1566 1744 1772 1802 λεῖα.
1821 1745 1892 1802 Γ.
1941 1736 2251 1820 Κωπᾷδας
2299 1735 2537 1814 λέγεις.

559 1845 737 1912 Idem
783 1845 1184 1931 Antiphanes
1236 1844 1467 1910 Athen.
1518 1841 1674 1909 XIV
1720 1863 1783 1928 p.
1841 1840 1972 1906 622
2020 1844 2130 1917 την
2170 1842 2401 1918 σηπίαν
2441 1840 2787 1924 κνφόνωτον
2834 1863 2977 1931 ap-¹

556 1950 842 2038 pellavit.
940 1948 1219 2016 Facilius
1279 1950 1474 2015 etiam
1530 1946 2003 2014 emendabitur:
2055 1946 2141 2012 τὰ
2189 1971 2234 2027 y
2251 1961 2293 2012 λ
2311 1971 2354 2012 α
2375 1971 2409 2012 υ
2427 1947 2509 2014 κά
2525 1974 2553 2013 ν
2570 1973 2669 2014 aa·
2687 1970 2732 2013 α
2778 1958 2945 2016 λεῖα.

557 2056 722 2124 Utra
786 2055 978 2122 lectio
1046 2057 1253 2124 verior
1317 2057 1405 2120 sit
1424 2102 1441 2131 ‚
1511 2055 1564 2120 ol
1623 2053 1848 2124 παῖδες
1908 2059 2027 2119 τῶν
2092 2053 2403 2128 Ἑλλήνων
2442 2055 2645 2138 *nullo
2689 2057 2949 2145 negotio

563 2161 1008 2230 diiudicabunt
1021 2210 1040 2247 ,
1108 2181 1260 2226 nam
1319 2161 1518 2227 etiam
1576 2158 1769 2225 hodie
1826 2157 2151 2246 anguillae
2212 2158 2363 2226 illae
2406 2162 2475 2227 in
2520 2161 2755 2228 honore
2800 2166 2951 2229 sunt

564 2268 735 2355 apud
781 2267 1058 2354 Apicios.

655 2475 826 2545 Leve
871 2484 970 2545 est
1010 2497 1135 2564 quo
1181 2474 1456 2543 offendor
1499 2493 1563 2562 p.
1611 2473 1699 2540 80
1744 2474 1921 2542 Min:

1019 2584 1124 2651 καὶ
1173 2582 1391 2650 τᾶλλα
1438 2582 1661 2656 δεινούς
1708 2589 1874 2665 φασι
1920 2583 2060 2657 τοὺς
2108 2583 2492 2666 Αἰγυπτίους

1020 2688 1172 2759 εἶναι
1215 2690 1301 2757 τὸ
1349 2690 1591 2769 νομίσαι
1640 2691 1700 2756 τ’
1746 2687 1986 2756 ἰσόθεον
2031 2689 2142 2765 τὴν
2188 2689 2464 2771 ἔγχελυν
2486 2740 2505 2777 ,

569 2796 743 2866 malo
801 2804 1002 2867 certe:
1051 2793 1213 2864 εἷναί
1254 2820 1295 2862 τ
1313 2822 1343 2863 ε
1388 2798 1630 2873 νομίσαι
1677 2819 1767 2861 τε.
1862 2794 2067 2862 Paulo
2112 2796 2377 2884 gravius
2422 2802 2669 2865 erratur
2711 2819 2776 2886 p.
2823 2796 2943 2864 84:

1002 2968 1016 2981 ,
1428 2902 1540 2977 τήν
1581 2925 1652 2967 τε
1699 2901 1877 2967 παῖδ’
1924 2902 2427 2981 ἀλείμματα

929 3008 1108 3091 ’παρὰ
1155 3015 1267 3084 τῆς
1313 3006 1460 3074 θεοῦ
1505 3008 1834 3087 λαβοῦσαν
1878 3004 2019 3073 εἶτα
2064 3009 2204 3082 τοὺς
2252 3009 2450 3083 πόδας

929 3116 1158 3182 ἐκέλευ’
1203 3116 1492 3197 ἀλείφειν
1535 3119 1799 3200 πρῶτον,
1848 3109 1989 3180 εἶτα
2036 3115 2122 3181 τὰ
2171 3114 2436 3195 γόνατα.

931 3224 1010 3295 ὣς
1055 3220 1292 3288 θᾶττον
1340 3221 1374 3295 ἧ
1423 3227 1574 3294 παῖς
1620 3220 1675 3286 δ’
1725 3218 1921 3302 ἥψατ’
1970 3221 2163 3287 αὐτοῦ
2208 3227 2327 3287 τῶν
2374 3220 2569 3288 ποδῶν

937 3325 1220 3410 firmi
1263 3329 1323 3393 τ’
1369 3326 1768 3403 ἀνεπήδησεν.

570 3433 867 3501 Primum
937 3436 1172 3500 rectius
1230 3433 1426 3505 fuerit
1485 3430 1784 3511 ἄλειμμα
1843 3456 1903 3498 τι
1970 3433 2243 3499 scribere
2288 3452 2484 3520 quam
2531 3435 2913 3513 ἀλείμματα
2932 3483 2951 3515 ,

574 3538 800 3605 deinde
858 3541 984 3605 nisi
1029 3543 1288 3628 egregie
1334 3538 1549 3615 fallor,
1598 3539 2063 3619 ὦναγνωρισμὸς
2111 3538 2375 3624 quidam
2423 3540 2531 3607 hie
2574 3540 2956 3608 describitur

572 3650 638 3712 et
679 3645 1023 3734 legendum
1075 3649 1210 3710 est:
1260 3642 1504 3726 ἔφριξεν
1525 3693 1544 3719 ,
1594 3645 1994 3719 ἀνεπήδησεν.
2042 3645 2258 3711 Etiam
2305 3665 2455 3732 prae
2498 3648 2737 3736 gaudio
2774 3649 2956 3730 Φρίτ-

574 3774 798 3829 τομεν,
847 3750 1052 3818 veluti
1098 3748 1293 3835 Soph.
1345 3752 1448 3816 Αἱ.
1500 3747 1664 3815 6933
1714 3746 1918 3832 impu?
1968 3747 2177 3836 ἔρωτι,
2225 3755 2564 3836 περιχαρὴς
2604 3752 2655 3819 δ’
2694 3754 2953 3821 ἀνεπτό-

575 3881 723 3934 μην.
773 3855 1158 3942 Antiphanis
1201 3854 1380 3921 locus
1425 3876 1492 3941 p.
1543 3852 1632 3921 88
1680 3857 1774 3922 sic
1818 3853 2206 3942 supplendus
2251 3863 2383 3924 est:

1190 3961 1451 4039 κομίσας
1502 3959 1553 4026 δ’
1602 3959 1904 4043 ἐξέβαλεν
1950 3956 2185 4043 (laea,
2204 3964 2261 4047 ν)
2308 3963 2513 4031 οἴκαδε

1029 4067 1140 4142 τὴν
1188 4073 1404 4147 πεῖραν
1450 4066 1512 4131 ἐν
1555 4076 1636 4151 τῇ
1681 4067 1787 4149 ῥινὶ
1835 4075 1949 4142 τῆς
1996 4066 2191 4145 δομῆς
2240 4069 2483 4149 λαβών,

579 4182 646 4243 et
690 4172 1103 4243 casaubonus
1147 4174 1364 4239 minus
1409 4173 1568 4240 bene
1604 4179 1751 4259 post
1783 4170 2087 4251 ἐξέβαλεν
2129 4174 2443 4243 addidisse
2466 4174 2723 4267 videtur
2743 4170 2954 4249 εὐθύς.

580 4280 775 4369 Apud
821 4280 1108 4349 eiusdem
1155 4300 1214 4365 p.
1267 4278 1354 4345 98
1403 4278 1582 4345 Mk.:

897 4384 1012 4456 ὤςε
1064 4386 1170 4450 καὶ
1221 4384 1402 4463 yvo}
1415 4409 1502 4461 ην
1550 4383 1626 4451 ἂν
1673 4386 1848 4458 εὐθὺς
1896 4385 2175 4452 Ἀττικὸν
2223 4385 2408 4453 τίνων
2451 4383 2639 4472 ὕδωρ,
