3369 5142
631 286 718 359 98
1615 308 2041 360 wnuormnxs.

635 484 878 549 tionem
936 484 1208 571 reperire
1269 484 1346 549 ut
1392 480 1542 549 vitii
1586 482 1767 569 origo
1814 483 2132 567 appareat.
2225 480 2468 550 Senum
2512 500 2637 547 non
2683 483 2782 547 est
2826 474 3019 547 ἑδιίκει

637 587 838 668 ἑκάς-ῳ
889 625 972 637 -
1021 584 1064 669 ᾧ
1123 588 1215 665 μή
1276 595 1420 653 T1c
1483 586 1670 659 αὐτὸς
1733 586 2033 672 παρέςαι,
2096 590 2247 675 quia
2292 614 2387 661 τις
2434 589 2666 655 vitiose
2712 585 3017 654 abundat.

634 693 955 760 Vitiosum
1019 700 1116 759 est
1179 688 1221 775 ᾧ
1281 696 1370 772 μή
1434 718 1549 759 τινι
1597 714 1709 778 pro
1756 688 1917 775 ᾧτινι
1965 696 2056 772 μή
2079 743 2096 778 ,
2137 715 2343 780 neque
2387 693 2811 760 Athenienses
2856 692 3021 759 diee-

633 800 788 869 bant
855 794 1016 882 ᾧτινι
1087 799 1198 867 sed
1269 797 1405 881 ὅτῳ.
1510 798 1885 887 Lagentium
1956 819 2091 864 esse
2158 800 2477 885 suspicor:
2550 800 2611 863 ἕν
2682 798 2877 880 τούτῳ
2945 823 3019 865 τε

637 906 1122 973 κεκωλὺσΕΟθαι
1187 907 1305 991 (sie
1350 904 1767 990 Herwerden)
1830 902 2019 971 ἐδόκει
2065 904 2150 968 τά
2200 905 2562 985 πράγματα
2601 900 2643 988 ᾧ
2691 904 2780 983 μη
2834 906 3020 979 αὐτὸς

630 1013 918 1094 παρέςαι.
989 1018 1087 1079 et:
1138 1011 1243 1081 καὶ
1313 1012 1374 1077 ἐν
1418 1011 1612 1094 τούτῳ
1657 1014 2035 1079 κεκωλῦσθαι
2086 1010 2274 1081 ἐδόκει
2323 1010 2625 1081 ἑκάστΩΙ
2674 1004 2716 1093 ὦ
2764 1011 2853 1089 μὴ
2908 1009 3015 1081 καὶ

627 1119 816 1195 αὐτὸς
863 1125 1085 1202 παρῆν.

725 1334 1018 1423 Thucyd.
1065 1331 1147 1397 H.
1197 1330 1261 1397 9.
1312 1330 1373 1398 5.
1425 1329 1704 1395 ναυτικὸν
1756 1330 2125 1413 παρείχοντο
2178 1330 2489 1411 Κορίνθιοι,
2540 1369 2625 1381 -
2676 1329 2909 1405 ἱππέας
2950 1329 3015 1395 δὲ

635 1442 904 1519 Βοιωτοὶ,
949 1477 1034 1489 -
1073 1440 1141 1505 αἱ
1189 1438 1244 1505 δ’
1295 1436 1494 1503 ἄλλαι
1544 1435 1755 1511 πόλεις
1806 1435 1985 1515 πεζόν
2034 1438 2413 1524 [παρεῖχον].
2462 1435 2720 1524 Optime
2756 1435 3015 1503 Herbst.

636 1554 938 1629 παρεῖχον
997 1545 1273 1612 induxit.
1339 1542 1558 1611 Solent
1618 1546 1793 1611 enim
1854 1542 2209 1632 magistelli
2255 1546 2346 1609 sio
2393 1542 2717 1633 elegantes
2764 1542 3019 1629 ellipses

635 1652 885 1741 explere
945 1656 1010 1719 et
1070 1650 1480 1739 Thucydides
1541 1668 1616 1715 eo
1679 1669 1869 1714 sensu
1914 1668 2041 1714 non
2088 1648 2384 1730 παρέχειν
2431 1649 2626 1735 dicit,
2674 1649 2784 1717 sed
2833 1647 3019 1729 παρέ-

631 1760 882 1843 χεσθαι.
945 1755 1042 1825 Cf.
1102 1757 1182 1823 IL
1254 1755 1317 1823 9.
1379 1754 1441 1821 5.
1489 1753 1719 1820 τούτων
1765 1754 2045 1820 ναυτικὸν
2095 1755 2463 1838 παρείχοντο
2513 1762 2684 1843 Χῖοι,
2731 1792 2817 1806 -
2866 1755 2918 1823 οἱ
2964 1753 3018 1819 δ’

635 1866 818 1935 ἄλλοι
866 1863 1048 1947 πεζὸν
1095 1864 1200 1929 καὶ
1250 1861 1595 1947 χρήματα,
1647 1867 1713 1927 et
1760 1862 1854 1926 sie
1900 1862 2162 1947 passim.

724 2080 1017 2169 Thueyd.
1067 2078 1146 2144 11.
1201 2074 1307 2143 10.
1355 2071 1760 2154 ξυγκαλέσας
1809 2072 1951 2147 τοὺς
2001 2073 2349 2153 ςρατηγσὺς
2388 2074 2504 2139 τῶν
2543 2057 2776 2139 πόλεων
2803 2078 3017 2139 πασῶν

635 2189 740 2255 καὶ
803 2186 943 2259 τοὺς
1004 2186 1257 2264 μάλιςα
1318 2182 1377 2247 ἐν
1441 2179 1606 2247 τέλει
1668 2178 1804 2265 [καὶ
1868 2178 2431 2266 ἀξιολογωτάτους]
2484 2182 2736 2263 παρῄνει
2788 2177 3015 2245 τοιάδε.

637 2296 870 2383 Spuria
931 2297 1081 2358 sunt
1138 2289 1333 2356 verba
1391 2286 1496 2352 καὶ
1561 2283 2097 2363 ἀξιολογωτάτους
2118 2336 2134 2361 ,
2198 2287 2431 2373 quibus
2474 2288 2685 2352 nescio
2730 2288 2875 2371 quis
2921 2287 3017 2350 in·

636 2402 968 2489 terpretari
1029 2395 1238 2464 voluit
1290 2393 1444 2482 quid
1491 2397 1656 2459 esset
1700 2392 1838 2463 τοὺς
1884 2391 2138 2470 μάλιςα
2182 2394 2243 2457 ἐν
2289 2390 2479 2458 τέλει.
2572 2392 2845 2459 Eosdem
2892 2391 3018 2458 diei

635 2509 775 2582 τοὺς
836 2505 1090 2586 μάλιςα
1137 2503 1197 2567 ἒν
1243 2503 1408 2567 τέλει
1457 2498 1562 2564 καὶ
1611 2496 2145 2578 ἀξιολογωτάτους
2196 2497 2475 2565 declarat
2520 2499 2779 2566 articuli
2824 2500 3017 2565 omis·

634 2620 761 2685 sio:
832 2631 1110 2697 namque
1171 2611 1262 2674 sie
1323 2609 1590 2673 dixisset
1635 2605 1743 2670 καὶ
1792 2607 1931 2677 τοὺς
1974 2601 2534 2684 ἀξιολογωτάτους.
2628 2605 2709 2670 In
2756 2607 3020 2672 civitate

639 2729 790 2792 sunt
853 2719 1062 2800 ἄνδρες
1126 2713 1473 2798 ἀξιόλογοι,
1535 2732 1661 2778 non
1722 2714 1793 2776 in
1836 2712 2093 2789 eastris,
2140 2709 2255 2776 ubi
2297 2710 2467 2777 nulli
2513 2715 2663 2776 sunt
2706 2709 3019 2790 ἀξιόλογοι

637 2833 800 2906 πλὴν
845 2833 962 2894 τῶν
1009 2827 1330 2904 ςρατηγῶν
1378 2821 1482 2884 καὶ
1531 2825 1649 2884 τῶν
1695 2816 1949 2896 μάλιςα
1995 2817 2055 2882 ἐν
2103 2817 2291 2884 τέλει.
2341 2813 2438 2904 Cf.
2486 2817 2544 2884 Ι.
2598 2815 2698 2884 10.
2750 2815 2863 2895 ἔξω
2902 2817 3019 2882 τῶν

636 2934 948 3020 βασιλέων
995 2930 1100 2995 καὶ
1149 2935 1265 2993 τῶν
1309 2927 1561 3006 μάλιςα
1610 2925 1671 2990 ἐν
1716 2924 1907 2992 τέλει.

723 3041 965 3110 Eodem
1034 3055 1224 3102 sensu
1292 3033 1421 3098 diei
1487 3031 1628 3104 τοὺς
1689 3029 1944 3110 μάλιςα
2005 3030 2067 3094 ἐν
2127 3028 2293 3096 τέλει
2359 3033 2424 3096 et
2479 3026 3017 3109 ἀξιολογωτάτους

635 3148 915 3217 declarat
973 3143 1153 3209 loeus
1212 3138 1326 3205 111.
1392 3136 1538 3204 109.
1606 3131 1967 3204 σπένδονται
2018 3173 2100 3186 -
2149 3145 2275 3208 τοῖς
2323 3133 2541 3207 ἄλλοις
2590 3133 2851 3218 ἄρχουσι
2902 3140 3019 3201 τῶν

633 3249 1124 3326 Πελοποννησίων
1172 3245 1276 3312 καὶ
1326 3239 1448 3312 ὅσοι
1494 3247 1696 3312 αὐτῶν
1738 3237 1893 3317 ἦσαν
1932 3241 2415 3322 ἀξιολογώτατοι
2457 3243 2804 3326 ἀποχωρεῖν
2842 3241 3015 3308 κατὰ

629 3361 858 3446 τάχος.

725 3569 1015 3659 Thueyd.
1064 3566 1148 3634 11.
1198 3567 1307 3633 11.
1355 3566 1388 3639 ἥ
1436 3563 1563 3644 γάρ
1604 3561 1856 3634 Ἕλλας
1904 3563 2089 3626 ποῖσα
2137 3597 2223 3611 -
2271 3561 2559 3644 προσέχει
2608 3564 2718 3640 τὴν
2766 3565 3015 3644 γνώμην

635 3680 868 3752 εὔνοιαν
913 3675 1154 3756 ἔχουσα
1202 3681 1352 3736 AIA
1399 3671 1470 3736 τὸ
1518 3669 1851 3742 Ἀθηναίων
1898 3665 2100 3750 ἔχθος.
2172 3666 2584 3756 Thucydides
2631 3670 3020 3736 consuetudo

637 3793 735 3856 est
788 3787 858 3852 in
918 3777 1038 3847 tali
1095 3799 1165 3845 re
1223 3775 1394 3842 κατά
1447 3794 1676 3862 ponere
1736 3774 1908 3838 κατὰ
1956 3773 2215 3858 φιλίαν,
2263 3775 2406 3841 κατ’
2455 3773 2666 3855 ἔχθος,
2718 3779 2863 3842 κατ’
2909 3776 3019 3856 ἔχ-

643 3898 820 3975 θραν,
881 3888 1024 3952 κατ’
1088 3881 1406 3966 ἀχθηδόνα
1427 3930 1444 3960 ,
1493 3879 1666 3946 κατὰ
1715 3879 1998 3963 διάφορον
2045 3885 2111 3946 et
2156 3879 2395 3948 similia
2439 3881 2790 3968 complura.
2880 3881 3021 3952 Ma-

645 3995 892 4090 gistelli
937 3989 1157 4058 sedulo
1203 3992 1542 4056 annotant:
1593 3989 1626 4063 ἦ
1673 3986 1888 4053 κατά
1937 3987 2073 4053 ἀντὶ
2125 3993 2233 4060 τῆς
2285 3986 2451 4063 διά.
2492 4001 2557 4053 et
2592 3988 2742 4054 hine
2778 3987 3020 4057 factum

645 4110 742 4174 est
785 4106 861 4168 ut
907 4097 1010 4166 διὰ
1056 4113 1535 4179 nonnumquam
1579 4093 1649 4158 in
1693 4091 1909 4160 locum
1960 4100 2069 4169 τῆς
2115 4091 2287 4158 κατά
2332 4093 2672 4180 irrepserit.

736 4309 1028 4400 Thucyd.
1093 4305 1176 4374 II.
1241 4309 1344 4372 11.
1411 4305 1477 4374 7.
1537 4307 1697 4372 πᾶσι
1758 4305 1888 4387 γάρ
1952 4343 2035 4356 -
2098 4305 2248 4384 δργῆ
2296 4303 2705 4385 προσπίπτει,
2753 4305 2859 4370 καὶ
2910 4305 3021 4392 [οἱ]

649 4419 931 4506 λογισμῷ
1006 4413 1287 4496 ἐλάχιςα
1355 4413 1652 4494 χρώμενοι
1724 4412 1889 4493 θυμῷ
1960 4419 2195 4483 πλεῒςα
2265 4411 2323 4484 ἐς
2396 4409 2567 4495 ἔργον
2630 4412 3017 4484 καθίσανται.
