3369 5142
587 250 717 321 416
1582 272 1965 324 mannum

1040 443 1170 521 ἐμοὶ
1220 467 1335 521 μεν
1382 438 1480 508 οὖν
1526 441 1694 510 ἄειδε
1740 446 2064 527 τοιαύτην,
2115 446 2277 523 θεά,

1051 551 1375 631 θρασεῖαν,
1422 550 1649 630 ὦραίαν
1697 551 1756 616 δὲ
1804 554 1910 619 καὶ
1960 553 2230 629 πιθανὴν
2277 551 2457 633 ἅμα,

1041 655 1398 731 ἀδικοῦσαν,
1446 658 1927 736 άποκλείουσαν,
1977 663 2274 727 αἰτοῦσαν
2321 658 2573 742 πυκνά,

586 767 737 851 quia
798 762 1128 829 άδικοῦσαν
1174 763 1323 827 ferri
1367 784 1492 827 non
1538 769 1784 848 potest,
1835 767 2104 831 arridet:
2154 771 2620 852 καλοῦσαν,
2667 770 2774 831 cui
2821 788 2963 853 par-

585 873 805 956 ticipio
868 869 1188 957 eleganter
1252 870 1583 955 respondet
1644 872 2114 939 άποκλειόυσαν.
2183 874 2262 939 Ρ.
2321 876 2444 939 132
2509 875 2800 939 senarius
2844 874 2962 939 hoc

586 978 774 1045 modo
819 977 1237 1064 redintegrari
1284 978 1562 1060 poterit:

990 1083 1157 1149 ἔλυσ’
1202 1084 1473 1160 ἐμαυτὸν
1521 1078 1635 1147 εἶτ’
1682 1083 1955 1164 άπέδραν
2008 1086 2298 1172 (μόλις)
2351 1086 2550 1162 μόνος.

584 1190 709 1258 Sed
753 1190 944 1277 paulo
991 1187 1366 1275 diligentius
1412 1188 1938 1255 considerandum
1989 1197 2086 1256 est
2131 1191 2562 1280 fragmentum
2585 1241 2602 1271 ,
2653 1193 2822 1278 quod
2871 1200 2966 1259 est

587 1317 652 1382 p.
706 1295 867 1362 152:

1398 1400 1667 1473 κοτύλας
1715 1407 1951 1485 χωροῦν
1997 1403 2146 1470 δέκα

946 1508 1007 1573 ἐν
1054 1506 1478 1591 Καππαδοκία
1524 1508 1696 1573 κόνδυ
1740 1514 2038 1589 χρυσοῦν,
2093 1510 2442 1593 Στρουθία,

946 1615 1071 1696 τρὶς
1119 1612 1354 1691 ἐξέπιον
1401 1612 1604 1694 {aes-d
1620 1639 1649 1680 ν
1699 1619 1786 1695 γ’.
1840 1628 1971 1682 Στ.
2021 1618 2427 1701 Ἀλεξάνδρου
2475 1621 2660 1686 πλέον

941 1724 1049 1786 τοῦ
1098 1720 1413 1799 βασιλέως
1462 1722 1784 1796 πέπωκας.

580 1832 821 1919 Mag-no
890 1849 1076 1916 opere
1134 1828 1241 1894 hic
1298 1828 1591 1912 displicet
1653 1831 1968 1915 particula
2026 1857 2139 1910 γε,
2203 1836 2308 1899 cui
2371 1836 2436 1898 in
2484 1834 2603 1899 tali
2649 1834 2960 1900 sententia

577 1960 701 2005 non
756 1942 851 2002 est
902 1936 1101 2001 locus.
1193 1932 1469 1999 Cobetus
1530 1936 1935 2002 manifestam
2003 1940 2430 2024 corruptelam
2477 1941 2813 2006 emendare
2861 1960 2962 2005 co-

579 2049 768 2110 natus
826 2048 920 2108 est
976 2040 1227 2107 Mnem.
1290 2038 1394 2105 IV.
1460 2038 1591 2105 245
1656 2044 2118 2128 transponendo
2181 2051 2244 2110 et
2291 2048 2545 2111 scribit:
2594 2048 2723 2125 τρὶς
2769 2049 2962 2124 μεςὸν

583 2150 838 2229 ἐξέπιον.
900 2147 1017 2214 Est
1082 2168 1155 2212 ea
1214 2148 1375 2212 ratio
1422 2167 1567 2211 sane
1614 2147 1922 2214 facillima
1941 2200 1956 2225 ‚
2001 2150 2111 2216 sed
2157 2155 2473 2235 parasitus
2519 2157 2630 2238 qui
2675 2154 2781 2218 hic
2799 2201 2816 2231 ,
2865 2154 2964 2217 uti

584 2260 879 2325 existimo
907 2305 922 2333 ,
984 2274 1134 2319 cum
1199 2250 1410 2317 milite
1472 2252 1752 2341 glorioso
1810 2254 2194 2340 colloquitur
2212 2305 2228 2335 ,
2294 2258 2778 2325 admirationem
2827 2263 2962 2322 tam

585 2365 831 2430 strenui
899 2359 1206 2447 potatoris
1279 2357 1499 2422 debuit
1568 2358 1928 2447 significare
2000 2368 2060 2426 et
2135 2364 2248 2428 vix
2308 2365 2520 2448 potuit
2582 2363 2964 2449 simpliciter

582 2470 953 2556 respondere
971 2517 989 2553 ,
1038 2468 1247 2551 ipsum
1300 2464 1758 2530 Alexandriam
1800 2488 2019 2553 regem
2061 2489 2098 2534 a
2135 2474 2398 2555 patrono
2440 2491 2554 2537 suo
2594 2477 2961 2557 superatum

582 2599 716 2644 esse
762 2583 827 2643 et
871 2576 940 2641 in
977 2573 1237 2640 laudem
1278 2577 1412 2636 tam
1450 2570 1605 2638 belli
1646 2574 1940 2640 facinoris
1965 2578 2312 2643 necessario
2337 2578 2582 2663 aliquid
2607 2579 2960 2664 praemisit.

587 2683 887 2772 Cogitavi
926 2702 1083 2748 num
1132 2683 1291 2749 forte
1336 2682 1599 2748 lateret:

857 2788 983 2870 τρὶς
1034 2787 1267 2868 ἐξέπιον
1319 2787 1525 2868 μεςόν.
1580 2799 1708 2853 Στ.
1759 2787 1969 2870 τρΙςΙ
2020 2790 2425 2872 Ἀλεξάνδρου
2464 2790 2649 2856 πλέον

861 2900 967 2962 τοῦ
1014 2894 1326 2973 βασιλέως
1375 2894 1693 2966 πέπωκας.

583 3005 729 3072 Non
774 3009 989 3069 tamen
1036 3001 1385 3078 intercedo,
1425 3004 1767 3086 quominus
1807 3022 1881 3067 ea
1919 3005 2222 3069 correctio
2261 3003 2407 3070 aliis
2446 3007 2708 3072 sortasse
2745 3009 2963 3071 minus

586 3118 759 3179 certa
802 3110 1098 3176 videatur
1140 3113 1204 3174 et
1251 3128 1371 3197 ego
1417 3108 1552 3193 ipse
1598 3107 1768 3172 hunc
1813 3107 2029 3174 locum
2077 3109 2340 3176 fortasse
2387 3109 2640 3177 silentio
2685 3119 2962 3197 praeter·

586 3221 898 3286 misissem
920 3264 936 3295 ‚
998 3217 1123 3281 nisi
1185 3214 1289 3280 hic
1336 3214 1669 3280 commode
1717 3215 2050 3279 Aeschinis
2095 3217 2458 3282 recordatus
2505 3219 2784 3284 fuissem.
2855 3217 2960 3284 Vi—

584 3326 809 3391 demus
892 3321 1331 3388 Alexandrum
1412 3319 1698 3385 multum
1773 3320 2049 3386 valuisse
2121 3321 2394 3390 bibendo
2417 3375 2434 3408 ‚
2514 3323 2696 3388 δεινὸν
2769 3325 2960 3390 fuisse

584 3439 784 3506 πιεῖν,
834 3448 959 3513 qua
1001 3428 1079 3493 de
1127 3447 1193 3492 re
1239 3426 1503 3492 conferri
1545 3429 1780 3512 poterit
1821 3424 2057 3492 Athen.
2101 3427 2187 3492 X.
2234 3427 2385 3492 434.
2435 3429 2728 3516 Simplici
2770 3432 2961 3497 verbo

584 3540 652 3602 in
712 3557 786 3602 ea
846 3555 915 3600 re
961 3538 1233 3598 utuntur
1278 3531 1504 3597 Graeci
1559 3535 1657 3598 uti
1707 3553 1982 3618 aequum
2030 3545 2162 3617 est,
2209 3535 2424 3618 itaque
2473 3537 2960 3603 admirationem

588 3647 806 3709 movet
866 3640 1032 3726 quod
1093 3639 1437 3704 Aeschines
1496 3640 1719 3704 scribit
1781 3641 1848 3703 in
1913 3637 2212 3706 Oratione
2259 3640 2336 3706 de
2383 3641 2568 3708 Falsa
2613 3643 2962 3733 Legatione

582 3746 811 3836 §1122
862 3747 967 3811 οὐκ
1016 3741 1180 3810 εἶπον
1226 3746 1303 3818 ὦς
1350 3745 1538 3819 καλὸς
1580 3740 1669 3809 εἶ·
1719 3747 1873 3823 γυνὴ
1923 3745 2048 3824 γὰρ
2095 3751 2212 3810 τῶν
2258 3745 2438 3812 ὄντων
2485 3750 2575 3818 ε’ςὶ
2625 3750 2958 3821 κάλλιςον·

584 3856 704 3924 οὐδ’
773 3857 849 3926 ὦς
912 3852 1098 3923 δεινὸς
1160 3859 1591 3928 συμπιεῖν,
1656 3855 1977 3930 σπογγιᾶς
2047 3852 2148 3916 τὸν
2201 3851 2443 3920 ἔπαινον
2493 3857 2960 3935 ὑπολαμβάνων

584 3967 797 4030 τοῦτον
858 3954 1031 4024 εἶναι.
1124 3956 1418 4023 Breviter
1480 3963 1545 4021 et
1606 3962 1790 4023 acute
1848 3956 1954 4022 hic
2004 3957 2162 4023 dicit
2212 3958 2558 4026 Aeschines
2605 3965 2771 4047 quod
2818 3963 2961 4050 plu-

586 4072 763 4137 ribus
833 4065 1197 4149 exsequitur
1256 4060 1473 4128 Cicero
1534 4065 1603 4127 in
1664 4061 1963 4129 Oratione
2025 4085 2139 4150 pro
2185 4065 2362 4155 Rege
2407 4067 2707 4135 Deiotaro
2753 4071 2788 4155 ξ
2834 4069 2921 4136 26
2941 4119 2958 4148 ‚

588 4177 696 4242 sed
766 4178 1051 4260 potestne
1119 4169 1223 4233 hic
1288 4167 1435 4234 ferri
1506 4171 1934 4255 compositum
2005 4171 2272 4236 verbum
2341 4171 2670 4250 συμπιεῒνΐ
2761 4175 2962 4243 Dives

585 4286 749 4349 circa
817 4299 882 4343 se
944 4277 1205 4341 fortasse
1266 4277 1573 4359 parasitos
1634 4273 1929 4361 habebit,
1993 4277 2234 4348 ἱκανοὺς
2299 4288 2589 4355 συμπιεῖν
2655 4281 2760 4346 καὶ
2811 4283 2958 4362 πρὸς

586 4387 789 4472 ἡδονὴν
851 4391 1152 4460 συνεῖναι,
1216 4381 1403 4446 sicuti
1468 4379 1690 4446 Dinias
1753 4381 1864 4446 ille
1913 4383 2082 4468 apud
2129 4383 2482 4449 Lucianum
2532 4389 2600 4450 in
2649 4385 2958 4454 Toxaride
