3369 5142
1478 302 1861 353 comicorum.
2727 288 2854 355 261

480 476 605 541 erit
660 476 785 542 nisi
848 477 1153 543 convivae
1208 479 1483 565 temperi
1528 476 1920 545 advenerint.
2016 478 2199 560 Quod
2245 478 2536 547 additurt
2583 482 2671 553 εἷς
2716 480 2856 554 τοὺς

480 583 751 664 σοφιςοὶς
812 582 915 649 τὸν
976 582 1275 663 μάγειρον
1337 586 1683 665 ἐγγράφω,
1745 584 1814 650 id
1876 606 2001 652 non
2062 593 2159 653 est
2220 588 2407 673 coqui
2458 587 2566 653 sed
2615 587 2859 654 domini

478 688 583 755 vel
642 691 950 756 convivae
1012 690 1281 757 alicuius
1301 741 1317 767 ,
1379 694 1491 779 qui
1549 692 1718 759 ridet
1762 694 2200 778 importunam
2248 693 2528 760 hominis
2571 693 2855 779 loquaci-

480 800 703 861 tatem.
795 794 951 863 Post
1013 798 1169 864 hsec
1224 800 1438 888 pergit
1499 819 1772 887 coquus:
1845 799 2110 875 issima&
2175 802 2351 880 ὑμεῖς
2415 806 2483 866 et
2543 821 2704 887 quae
2765 820 2860 865 se-

480 908 799 988 quuntur:

568 1114 932 1205 Legebatur
975 1118 1133 1186 olim
1178 1119 1347 1207 apud
1392 1120 1736 1188 Stobaeum
1785 1120 1952 1188 Flor.
2007 1120 2155 1189 102.
2205 1122 2281 1187 6:

932 1224 983 1289 ei
1027 1226 1116 1302 μῆ
1161 1227 1290 1306 γὰρ
1338 1226 1414 1293 ὢν
1459 1226 1778 1308 ἅνθρωπος
1824 1229 2128 1305 ἀνθρώπου
2175 1229 2406 1312 τύχαις

932 1331 1321 1411 ὑπηρετήσω,
1372 1336 1453 1400 οὐ
1500 1336 1866 1415 φανήσομαι
1915 1340 2250 1417 φρονῶν.

478 1436 673 1503 Recte
736 1457 885 1503 sane
946 1438 1263 1507 Porsonus
1326 1441 1405 1506 ad
1450 1441 1671 1528 Eurip.
1723 1441 1928 1509 Orest.
1978 1440 2110 1507 '792
2157 1442 2420 1528 scripsit.
2457 1446 2602 1506 ποῦ
2651 1442 2858 1521 φοινή-

478 1566 664 1618 σομαι
691 1593 707 1620 ,
756 1542 866 1609 sed
910 1543 1193 1631 perficies
1242 1546 1504 1613 demum
1553 1548 2061 1614 emendationem
2111 1547 2514 1635 corrigendo:
2561 1552 2679 1612 ποῦ
2727 1552 2859 1628 φκ-

482 1650 739 1727 νῆσομαι
789 1655 1123 1732 φρενῶν,
1174 1654 1365 1719 sicuti
1413 1652 1754 1740 Sophocles
1800 1654 1968 1719 dixit
2012 1656 2081 1718 in
2135 1652 2380 1719 Electra
2401 1675 2498 1720 vs.
2529 1652 2698 1719 390:
2741 1658 2856 1719 ποῦ

482 1760 618 1820 ποτ’
683 1752 744 1821 εἷ
784 1764 1036 1838 φρενῶν.
1126 1756 1363 1825 Itidem
1410 1764 1601 1826 unius
1650 1760 1944 1827 literulae
1989 1762 2348 1825 mutatione
2394 1759 2680 1825 Alexidis
2725 1780 2859 1825 ma·

480 1882 636 1927 num
682 1884 1049 1949 recuperare
1094 1866 1449 1951 poterimus
1494 1869 1561 1932 in
1609 1866 1711 1932 his
1756 1866 2208 1933 Antatticistee
2251 1867 2460 1931 verbis
2493 1887 2554 1952 p.
2601 1864 2708 1932 98.
2741 1863 2856 1933 17:

480 1968 693 2046 ἥδιον
748 1969 1007 2044 Ἄλεξις
1072 1972 1366 2039 Ὀδυσσεῖ
1423 1973 1910 2055 ἄπονιπτομένῳ.
2004 1974 2316 2059 Apertum
2367 1974 2603 2038 vitium
2650 1978 2747 2038 est
2791 1974 2858 2037 in

478 2077 837 2144 comoedias
894 2078 1120 2159 titulo,
1179 2101 1332 2147 nam
1394 2087 1639 2149 veteres
1686 2102 1810 2147 non
1857 2076 2320 2145 ἀπονίπτεσθαι
2366 2079 2693 2157 dicebant,
2743 2078 2852 2145 sed

476 2182 907 2271 οἰωνίζεσθαι,
948 2206 1073 2271 qua
1118 2187 1197 2253 de
1234 2208 1301 2253 re
1349 2186 1605 2253 difficile
1651 2193 1748 2254 est
1791 2189 1943 2254 novi
1991 2186 2145 2273 quid
2191 2185 2408 2252 afferre
2451 2189 2599 2271 post
2643 2186 2856 2270 copias

478 2286 663 2355 Conti
704 2290 764 2354 ἕν
804 2294 889 2372 τῷ
937 2294 1125 2375 λογίῳ
1172 2295 1372 2376 Ἑρμῇ
1420 2316 1479 2381 p.
1533 2292 1663 2359 366
1711 2315 1868 2381 sqq„
1919 2296 2031 2380 qui
2077 2314 2156 2359 ne
2201 2292 2394 2358 huius
2432 2290 2694 2377 quidem
2731 2290 2854 2358 loci

476 2394 819 2463 immemor
879 2398 1040 2475 fuit,
1101 2400 1210 2467 sed
1271 2406 1595 2486 praeterea
1644 2400 2015 2467 incredibile
2062 2404 2158 2464 est
2203 2405 2484 2465 veterem
2531 2417 2861 2485 gramma·

476 2503 714 2591 ticum,
763 2506 1050 2593 quisquis
1094 2508 1152 2573 is
1196 2507 1355 2586 fuit,
1404 2508 1514 2575 sed
1560 2514 1664 2576 cui
1713 2513 1928 2575 tamen
1974 2505 2188 2570 aditus
2235 2506 2491 2591 patebat
2536 2503 2614 2569 ad
2672 2501 2858 2569 docta

477 2611 1054 2679 Alexandrinorum
1114 2614 1375 2691 scrinia,
1445 2635 1571 2698 qua
1617 2615 1696 2681 de
1743 2635 1810 2680 re
1855 2613 2014 2681 olim
2059 2612 2193 2678 dixi
2240 2617 2386 2698 post
2431 2609 2856 2676 Ritschelium

476 2721 545 2783 in
605 2717 1086 2806 Prolegomenis
1148 2719 1229 2785 ad
1288 2718 1637 2806 Photium,
1684 2721 1854 2786 hunc
1899 2721 2104 2807 igitur
2147 2719 2649 2806 grammaticum
2692 2713 2860 2781 nihil

478 2824 650 2889 aliud
695 2823 1012 2890 invenisse
1056 2827 1123 2891 in
1172 2824 1461 2894 Alexidis
1506 2827 1754 2904 sabula,
1798 2826 1966 2912 quod
2005 2824 2551 2892 animadversione
2590 2822 2857 2912 dig-num

477 2929 836 3016 videretur,
884 2932 1010 2996 nisi
1055 2936 1557 3017 comparativum
1601 2933 1795 3017 ἥδιον,
1835 2933 1913 2999 de
1954 2952 2078 3016 quo
2112 2951 2464 3015 numquam
2492 2929 2858 2994 dubitatum

476 3037 603 3102 fuit
680 3044 901 3103 utrum
972 3037 1328 3123 probandus
1398 3047 1561 3105 esset
1628 3060 1844 3106 necne.
1941 3038 2109 3119 Quid
2177 3036 2648 3102 rescribendum
2735 3037 2853 3112 sit,

477 3147 858 3211 monstrabit
905 3143 1263 3222 Homerus,
1304 3166 1342 3211 s
1389 3166 1511 3231 quo
1556 3151 1744 3231 poeta
1788 3145 2042 3210 fabulae
2089 3150 2544 3230 argumentum
2596 3147 2857 3207 mutua-

476 3257 583 3317 tus
631 3260 759 3330 est,
810 3275 1037 3340 nempe
1085 3253 1321 3330 ἴδιον,
1376 3253 1453 3319 cf.
1506 3251 1718 3339 Odyss
1765 3260 1841 3317 T.
1897 3253 2059 3316 204:
2110 3249 2250 3314 ἴδιον
2297 3249 2374 3321 ὥς
2425 3249 2666 3322 ἐνόησα.
2713 3247 2896 3335 Non·

476 3362 574 3424 est
617 3362 861 3426 mirum
878 3409 899 3446 ‚
946 3381 1085 3427 eam
1132 3360 1407 3426 formam
1454 3357 1805 3426 notabilem
1849 3355 2046 3423 fuisse
2089 3357 2320 3421 visam.

569 3570 798 3636 Athen.
864 3569 927 3637 11
990 3593 1053 3658 p.
1116 3569 1203 3637 54
1264 3569 1317 3638 F
1380 3591 1460 3637 ex
1518 3568 1816 3636 Alexidis
1877 3567 2190 3657 Olynthia
2250 3565 2474 3633 laudat
2539 3585 2700 3651 quae
2761 3587 2858 3633 se·

481 3683 799 3762 quantur:

1198 3781 1325 3854 ἔςιν
1373 3785 1520 3864 ἀνήρ
1569 3807 1670 3860 μοι
1723 3782 1979 3864 πτωχὸς
2027 3783 2205 3860 κάγὼ

1021 3896 1219 3969 γραῦς
1270 3889 1375 3956 και)
1427 3888 1718 3971 θυγάτηρ
1767 3889 1872 3956 καὶ
1919 3895 2071 3960 ταῖς
2122 3887 2244 3962 υἱὸς

1024 3995 1173 4079 χῆδ’
1220 3999 1255 4074 ἧ
1302 3997 1538 4078 χρῇς-ἧ,
1588 3994 1770 4063 πένθ’
1816 3998 1869 4062 01
1917 3994 2176 4068 πάντες.

1022 4101 1247 4168 τούτων
1292 4105 1343 4168 οἱ
1391 4111 1549 4184 τρεῖς
1598 4103 2118 4186 δειπνοῦμεν,

1024 4207 1124 4274 δύο
1173 4208 1226 4273 δ’
1277 4210 1487 4282 αὐτοῖς
1536 4211 2052 4290 συγκοινωνοῦμεν

1022 4313 1231 4397 μάζης
1277 4319 1527 4396 μικρᾶς.

485 4415 719 4484 Omnes
782 4428 1181 4509 agnoverunt
1240 4421 1478 4489 vitium
1544 4425 1613 4488 in
1676 4443 1772 4488 vs.
1834 4424 1897 4506 4,
1957 4421 2072 4486 ubi
2133 4421 2489 4496 δειπνοῦμεν
2541 4419 2692 4484 ferri
2739 4438 2864 4486 non
