3369 5142
477 315 611 390 212
1528 341 1770 390 clonno.

474 527 544 578 ut
606 515 885 578 audi-stis.
980 511 1347 578 Admodum
1406 515 1647 580 incerta
1695 521 1792 580 est
1835 515 2141 598 suspitio,
2192 533 2386 599 quam
2435 511 2594 578 olim
2640 511 2864 598 proba-

478 620 588 685 bat
649 618 1024 705 Madvigius
1072 617 1210 704 (Op.
1262 618 1292 683 Ι
1339 640 1399 704 p.
1452 617 1609 706 393>
1674 622 1951 708 vestigia
1997 620 2131 685 veri
2179 621 2486 685 contineri
2534 621 2604 684 in
2648 618 2860 684 verbis

480 727 698 802 „omni
756 746 902 789 cum
966 724 1251 790 doctrina
1306 724 1497 791 homo
1544 730 1735 811 atque
1779 724 2266 794 humanitatis.’'
2356 724 2570 790 Possis
2615 727 2684 788 in
2729 723 2862 788 illis

473 830 603 897 tale
650 832 802 915 quid
849 830 1165 896 divinare:
1218 851 1539 915 „quocum
1578 831 1896 897 doctrinae
1935 831 2147 896 studio
2188 837 2378 916 atque
2414 830 2859 906 humanitatis,

476 949 619 1000 tum
675 939 869 1001 etiam
932 937 1207 1020 hospitio
1268 936 1389 1003 Dio
1453 937 1988 1026 coniungebatur”
2055 939 2155 1024 (ut
2203 937 2440 1002 mentio
2489 935 2862 1001 alterutrius

472 1044 697 1108 fratres
757 1045 1219 1127 praecesserit),
1287 1044 1396 1107 sed
1442 1064 1590 1108 cum
1638 1047 1968 1128 sequentia
2015 1045 2144 1108 sint
2191 1064 2266 1107 ex
2313 1044 2572 1129 ingenio
2621 1059 2861 1106 correc-

470 1151 624 1214 toris
686 1147 999 1233 profecta,
1062 1155 1126 1213 et
1187 1169 1288 1213 ne·
1314 1151 1667 1235 vestigium
1713 1149 1975 1234 quidem
2023 1149 2312 1214 lectionis
2362 1149 2662 1233 antiquae
2711 1167 2859 1212 con-

469 1264 721 1318 servent
747 1302 761 1329 ‚
848 1256 1059 1337 priora
1140 1255 1363 1320 verba.
1402 1254 1750 1319 admodum
1821 1254 2116 1342 vulgaria
2188 1253 2454 1318 eandem
2535 1254 2845 1339 originem

469 1360 699 1425 habere
744 1358 1139 1424 crediderim.
1234 1358 1552 1426 Tenemus
1596 1360 1966 1445 exemplum
2012 1358 2518 1444 interpolationis
2558 1358 2850 1423 audacis-

473 1468 673 1530 simae
720 1470 855 1529 tam
902 1467 1136 1530 veteris
1184 1472 1255 1530 ut
1300 1468 1437 1550 ipsa
1485 1468 1772 1532 vicissim
1821 1470 2285 1550 corruptionem
2337 1485 2518 1550 passa
2567 1466 2669 1529 sit.

564 1570 777 1636 Simul
838 1590 964 1635 uuo
1025 1570 1162 1635 loco
1208 1571 1286 1636 de
1334 1571 1595 1657 reliquis
1641 1575 1828 1637 certis
1875 1571 2120 1637 lacunis
2167 1571 2415 1636 dicam:
2467 1571 2504 1654 ς
2554 1569 2639 1634 35
2658 1614 2676 1646 ,
2726 1566 2850 1644 49,

475 1677 583 1755 52,
648 1675 737 1742 80
801 1698 1017 1742 veram
1080 1680 1417 1743 lectionem
1480 1678 1885 1762 suppeditare
1946 1677 2498 1765 salisburgensem
2571 1675 2853 1759 aliosque

476 1783 763 1849 eiusdem
825 1782 1105 1848 iamiliae
1166 1783 1493 1848 deterioris
1539 1784 1759 1854 libros.
1854 1784 2186 1849 Nimirum
2233 1783 2299 1848 S.
2349 1785 2628 1848 continet
2673 1801 2856 1866 saepe

473 1889 842 1954 manifestas
904 1891 1317 1954 correctiones
1336 1939 1354 1972 ,
1401 1890 1510 1954 sed
1556 1889 1932 1977 diligentius
1977 1889 2309 1976 archetypi
2357 1889 2696 1954 lectionem
2757 1907 2854 1952 re·

474 2002 829 2080 praesentat
875 1994 1256 2078 quibusdam
1305 1995 1460 2061 locis
1509 1997 1618 2060 ubi
1664 2017 1892 2060 manus
1937 1997 2148 2080 prima
2192 1994 2467 2060 Parisini
2514 1993 2743 2058 defecit
2791 1997 2868 2058 et·

476 2101 785 2166 recentior
846 2098 1015 2164 male
1068 2099 1265 2164 lectos
1311 2101 1554 2185 antiqui
1602 2102 1750 2166 libri
1801 2101 1901 2166 vel
1950 2101 2281 2186 archetypi
2327 2100 2558 2164 ductus
2605 2096 2855 2183 supple-

476 2207 594 2273 vit.
665 2205 977 2271 Nostrum
1032 2205 1237 2292 igitur
1280 2207 1401 2271 erit
1445 2207 1659 2272 videre
1707 2213 1925 2272 utrum
1975 2206 2064 2290 S„
2114 2227 2262 2270 cum
2308 2226 2434 2290 quo
2479 2205 2855 2289 plerumque

472 2312 770 2377 convenit
848 2305 1099 2376 Francii
1181 2312 1341 2378 liber
1406 2313 1473 2377 in
1536 2312 1924 2378 bibliotheca
1985 2313 2343 2378 Traiectina
2407 2317 2851 2393 conservatus,

473 2416 749 2504 singulis
794 2415 951 2482 locis
998 2421 1409 2484 correctiones
1456 2440 1535 2483 an
1574 2417 1878 2504 reliquias
1915 2419 2150 2485 veteris
2187 2417 2477 2484 lectionis
2512 2419 2848 2483 contineat.

472 2523 697 2610 Itaque
756 2525 793 2609 ξ
842 2521 958 2587 35:
1015 2529 1130 2601 „tu
1178 2543 1325 2590 vero
1372 2523 1607 2590 mulier
1654 2563 1739 2575 —-
1789 2526 1843 2591 si
1884 2546 1956 2591 ea
2003 2545 2164 2611 quae
2212 2570 2227 2590 .
2261 2575 2274 2589 .
2304 2570 2321 2590 .
2371 2524 2632 2609 probare
2679 2521 2851 2609 cogi·

473 2634 606 2714 tas,
676 2632 987 2695 rationem
1058 2634 1272 2695 tantae
1356 2629 1812 2697 familiaritatis
1879 2670 1959 2681 —
2025 2632 2250 2697 reddas
2321 2637 2510 2716 atque
2579 2648 2851 2715 exponas

472 2756 721 2802 necesse
784 2734 915 2799 est’'
984 2755 1131 2800 vere
1189 2734 1293 2801 S.:
1367 2735 1460 2813 „si
1524 2758 1598 2801 ea
1645 2758 1807 2825 quae
1851 2737 2040 2811 facis,
2089 2758 2250 2822 quae
2296 2738 2491 2813 dicis,
2545 2756 2704 2820 quae
2752 2738 2848 2799 in-

474 2842 775 2925 simulas,
833 2862 992 2925 quae
1036 2841 1316 2919 moliris,
1365 2862 1525 2925 quae
1572 2845 1791 2929 arguis
1837 2843 2097 2928 probare
2144 2844 2462 2930 cogitas.”
2554 2842 2849 2908 Pannum

470 2946 939 3011 intolerabilem
1010 2946 1168 3010 dicit
1234 2945 1479 3030 Halm.,
1550 2948 1718 3031 quod
1782 2948 2094 3013 iudicium
2164 2952 2359 3014 miror
2428 2950 2496 3013 in
2567 2969 2674 3026 eo,
2739 2952 2853 3035 qui

474 3052 664 3139 paulo
725 3058 870 3117 ante
929 3052 1083 3116 haec
1138 3052 1271 3117 sine
1318 3054 1673 3118 mutatione
1721 3053 2057 3119 toleravit:
2113 3060 2546 3132 „accusatores
2591 3055 2850 3141 quidem

470 3158 805 3240 libidines,
842 3178 1121 3241 amores,
1161 3160 1501 3236 adulteria,
1541 3158 1764 3235 Baias,
1802 3172 1992 3235 actas,
2035 3163 2325 3243 convivia,
2350 3162 2848 3245 comissationes,

472 3278 721 3348 cantus,
772 3264 1216 3351 symphonias,
1268 3267 1515 3351 navv‘qia
1557 3267 1836 3331 iactant”
1891 3266 2001 3331 ubi
2050 3265 2357 3331 vocabula
2401 3288 2438 3332 a
2484 3288 2584 3332 me
2630 3272 2848 3333 notata

472 3391 659 3435 nemo
708 3369 1121 3454 desideraret,
1169 3372 1224 3435 si
1261 3372 1552 3437 codicum
1593 3372 1938 3437 auctoritas
1971 3372 2235 3437 abesset.
2284 3372 2512 3439 Manus
2538 3374 2845 3440 recentior

470 3475 745 3542 Parisini
784 3498 930 3540 cum
968 3474 1391 3542 Beruensibus
1438 3498 1535 3561 ap.
1586 3476 1903 3541 Orellium
1952 3483 2014 3541 et
2061 3476 2476 3544 Leidensibus
2502 3476 2555 3565 ¹)
2601 3481 2846 3565 inepte.

476 3567 671 3643 „facis
741 3587 899 3649 quae
969 3566 1128 3631 dicis
1202 3588 1362 3651 quae
1422 3569 1488 3631 in
1547 3589 1822 3632 sororem
1885 3580 2060 3631 tuam
2120 3568 2404 3653 moliris,
2452 3590 2613 3655 quae
2661 3592 2849 3658 argu-

470 3675 703 3735 menta.
713 3669 747 3695 ”
834 3671 1011 3736 Haec
1075 3691 1213 3735 sum
1226 3680 1291 3737 ta
1359 3692 1437 3736 ex
1506 3672 1754 3756 codice,
1825 3674 2008 3737 cuius
2073 3672 2373 3739 librarius
2441 3696 2517 3740 ex
2581 3676 2848 3743 evanida

472 3778 785 3861 scriptura
852 3776 1017 3840 nihil
1085 3778 1392 3841 extricare
1460 3780 1672 3861 potuit
1735 3784 1800 3843 et
1857 3798 1970 3864 pro
2033 3778 2297 3844 arbitrio
2355 3779 2572 3846 locum
2632 3786 2848 3847 contra

476 3869 857 3932 sententiam
905 3864 1230 3950 supplevit
1276 3870 1412 3931 im.
1445 3915 1503 3930 ..
1555 3870 1622 3931 in
1669 3870 1737 3932 in
1782 3891 2054 3934 sororem
2098 3874 2377 3935 mutans.
2431 3908 2512 3920 —
2561 3871 2849 3940 Secundo

548 4112 595 4171 1)
646 4109 948 4159 Leidensium
997 4107 1298 4157 collationem
1348 4107 1479 4157 dedit
1514 4108 1865 4169 Vollenhoven,
1906 4110 2222 4163 Beruenaium
2255 4113 2468 4164 Orellius
2500 4115 2550 4164 in
2583 4115 2696 4166 edit.
2735 4115 2849 4166 min.

478 4194 621 4243 Bern.
674 4207 798 4241 unus
850 4190 989 4256 (186)
1025 4204 1140 4238 saec.
1180 4190 1222 4237 X
1256 4192 1355 4249 eet,
1394 4189 1567 4255 reliqui
1603 4206 1765 4241 omnes
1797 4191 1910 4241 libri
1945 4194 2254 4253 mutieres,
2291 4211 2375 4245 nec
2409 4196 2669 4262 quidquam
2701 4198 2853 4251 bonae

472 4274 624 4339 frugis
668 4276 896 4332 afferunt;
934 4288 1029 4322 non
1062 4269 1217 4321 multo
1251 4270 1406 4337 pluris
1438 4271 1677 4323 faciendus
1711 4276 1783 4324 eat
1817 4275 1878 4321 W
1898 4286 1978 4317 Ξ
1993 4275 2416 4341 Guelferbytanus,
2453 4277 2506 4328 in
2539 4277 2628 4328 hac
2659 4279 2852 4345 quidem

470 4355 685 4407 oratione
736 4353 1141 4411 mendosissimus,
1196 4352 1330 4403 cuius
1377 4354 1680 4406 collationem
1732 4356 1863 4406 dedit
1917 4357 2337 4425 Wrampelmeier;
2390 4358 2469 4409 sed
2521 4360 2656 4411 nolui
2698 4361 2850 4415 videri

473 4452 693 4505 spernere
706 4474 720 4498 ,
756 4452 877 4501 quac
910 4434 995 4486 alii
1026 4450 1137 4487 cnm
1170 4434 1434 4503 pulvisculo
1468 4436 1773 4503 collegerant.
