3369 5142
603 374 732 441 130
1593 393 2015 444 ruucrmnns.

703 565 1112 652 Thucydides
1171 565 1295 630 ΙΙΙ.
1356 567 1466 630 24.
1533 564 1592 630 3.
1657 568 2026 651 scripserat:
2088 568 2137 630 οἱ
2197 567 2307 643 μὲν
2370 564 2441 638 δὴ
2489 572 2603 630 τῶν
2654 572 2987 633 Πλαταιῶν

611 674 818 755 ἄνδρες
884 670 1068 744 οὕτως
1133 673 1456 746 ἐσώθησαν.
1528 670 1632 737 Ad
1681 670 1865 743 οὕτως
1913 673 2243 757 adscripsit
2286 672 2518 757 aliquis
2563 672 2979 751 ὑπερβάντες,

609 782 776 864 quod
831 800 998 843 nunc
1061 781 1274 863 inepte
1333 780 1540 843 textui
1603 777 1890 842 adhaesit
1934 779 2057 841 sic:
2106 775 2291 849 οὕτως
2346 776 2791 864 [ὑπερβάντες]
2842 778 2985 842 ε’σώ-

612 887 819 959 θησαν.
869 885 1110 951 Sumsit
1157 906 1234 949 ex
1279 905 1414 970 cap.
1461 882 1570 949 20.
1617 882 2115 961 ἐπιβουλεύουσιν
2163 920 2246 932 --
2298 883 2631 965 ὑπερβῆναι
2671 884 2757 948 τὰ
2796 886 2980 967 τείχη

601 996 716 1056 τῶν
765 992 1097 1069 πολεμίων.

693 1200 982 1288 Thucyd.
1032 1200 1153 1265 HI.
1203 1198 1312 1265 26.
1361 1202 1413 1266 οἱ
1471 1200 1933 1273 Πελοποννήσιοι
1974 1200 2180 1273 ἐπειδὴ
2220 1201 2339 1271 τὰς
2376 1202 2436 1272 ἐς
2474 1203 2585 1277 την
2624 1204 2983 1277 Μυτιλήνην

599 1306 1068 1387 τεσσαράκοντα
1149 1310 1294 1375 ναῦς
1378 1306 1725 1373 οἱπέςειλαν
1792 1303 2025 1387 ἔχοντα
2096 1306 2395 1371 Ἀλκίδαν
2472 1304 2559 1393 [ὃς
2634 1303 2702 1381 ἦν
2770 1312 2977 1381 αὐτοῖς

603 1414 912 1492 ναύαρχος
963 1409 1495 1497 προσταξαντες],
1547 1412 1720 1475 αὐτοὶ
1759 1412 1817 1483 ἐς
1855 1414 1967 1486 τὴν
2010 1411 2303 1487 ’Λττικην
2346 1414 2478 1495 [καὶ
2520 1414 2570 1477 οἱ
2606 1411 2975 1499 ξύμμαχοι]

598 1518 920 1595 ἐσέβαλον.
1018 1518 1275 1581 Pannus
1343 1516 1513 1581 male
1582 1528 1836 1582 assutus
1896 1523 1991 1583 est
2050 1539 2127 1583 ex
2190 1538 2325 1603 cap.
2392 1516 2496 1582 16.
2563 1518 2626 1583 3.
2696 1522 2975 1586 ναυτικὸν

595 1621 1048 1706 παρεσκεύαζον
1101 1661 1182 1671 -
1232 1622 1333 1687 καὶ
1395 1623 1704 1704 ναύαρχον
1767 1623 2153 1703 προσέταξαν
2220 1622 2540 1690 Ἀλκίδαν.
2637 1624 2762 1705 Qui
2822 1626 2975 1692 haec

593 1729 1004 1815 interpolavit
1071 1749 1198 1794 non
1265 1728 1664 1795 intellexerat
1734 1728 1899 1795 illud
1958 1732 2172 1815 ipsum
2234 1732 2439 1795 inesse
2499 1732 2567 1794 in
2626 1731 2971 1799 απέςειλαν

597 1836 900 1903 Ἀλκίδαν
949 1834 1251 1917 ἔχοντα
1298 1839 1444 1907 ναῦς
1491 1833 1980 1914 τεσσαράκοντα.

685 1943 764 2008 111
825 1961 959 2027 sqq.
1025 1961 1318 2027 expungo
1366 1940 1470 2003 καὶ
1521 1941 1570 2004 οἱ
1615 1939 1948 2020 ξύμμαχοι
1996 1940 2543 2025 importunissimo
2590 1940 2729 2006 loco
2773 1944 2971 2007 inter-

594 2050 878 2134 positum
939 2050 1108 2112 inter
1171 2048 1230 2116 ἐς
1297 2047 1406 2119 τὴν
1473 2044 1765 2120 Ἀττικὴν
1810 2055 1874 2111 et
1921 2045 2260 2130 ἐσέβαλον,
2312 2066 2472 2131 quae
2518 2046 2802 2134 disiungi
2848 2068 2973 2113 non

601 2160 883 2241 possunt.
994 2153 1328 2218 Praeterea
1406 2150 1882 2228 Λακεδαιμόνιοι
1956 2158 2107 2231 (non
2174 2152 2665 2239 Πελοποννήσιοι)
2738 2154 2845 2216 καὶ
2916 2154 2969 2217 01

599 2261 931 2339 ξύμμαχοι
993 2257 1330 2323 dicendum
1392 2264 1520 2341 est,
1583 2260 1733 2341 quia
1794 2260 1947 2323 socii
1996 2259 2055 2321 ἐν
2102 2266 2227 2329 τοῖς
2278 2261 2775 2333 Πελοποννησίοις
2824 2280 2970 2325 con·

593 2371 895 2432 tinentur.

687 2579 974 2667 Thucyd.
1037 2577 1161 2643 III.
1222 2575 1328 2644 27.
1398 2579 1458 2642 3.
1521 2577 1949 2662 Mytilenemes
2009 2578 2181 2642 κατὰ
2230 2574 2573 2653 ξυλλόγους
2620 2578 2971 2658 γιγνόμενοι

600 2691 634 2764 ἢ
695 2687 797 2751 τὸν
863 2695 1028 2751 σῖτον
1094 2685 1368 2748 ἐκέλευον·
1427 2683 1568 2755 τοὺς
1633 2684 1923 2755 δυνατοὺς
1982 2682 2187 2764 φέρειν
2252 2685 2311 2756 ἐς
2374 2687 2444 2750 τὸ
2490 2686 2751 2766 φανερὸν
2800 2723 2883 2734 -
2933 2686 2966 2761 ἢ

597 2793 771 2859 αὐτοὶ
835 2790 1352 2871 ξυγχωρήσαντες
1419 2789 1564 2867 πρὸς
1629 2791 1979 2863 Ἀθηναίους
2050 2788 2357 2876 [ἔφασαν]
2424 2791 2808 2873 παραδώσειν
2861 2793 2970 2865 τὴν

594 2901 795 2964 πόλιν.
888 2896 1332 2983 Thucydidem
1385 2900 1723 2982 zeugmate
1769 2915 1959 2959 usum
2008 2917 2140 2962 esse
2194 2896 2471 2963 declarat
2509 2897 2966 2982 particularum

587 3003 675 3068 Ἢ
721 3041 801 3052 —-
837 3000 924 3066 Ἢ
974 3001 1322 3066 collocatio.
1417 3001 1800 3086 Saepissime
1850 2998 2152 3067 Graeculi
2195 3005 2259 3066 in
2310 3009 2643 3088 zeugmate
2688 3005 2758 3068 id
2804 3004 2971 3089 quod

592 3110 914 3198 eleganter
975 3110 1286 3173 omissum
1344 3113 1442 3172 est
1488 3106 1835 3172 admodum
1882 3107 2276 3194 ineleganter
2317 3110 2605 3174 inserunt
2651 3109 2727 3176 de
2772 3130 2906 3175 suo.

679 3319 968 3406 Thucyd.
1033 3318 1163 3384 III.
1239 3317 1344 3382 30.
1411 3319 1543 3395 ἐμοὶ
1607 3315 1775 3383 δοκεῖ
1831 3325 2012 3382 πλεῖν
2062 3320 2229 3394 ἡμᾶς
2279 3319 2378 3382 ἐπὶ
2430 3321 2787 3396 Μυτιλήνην
2834 3320 2970 3402 πρὶν

587 3426 886 3499 ἐκπύςους
970 3424 1253 3503 γενέσθαι
1323 3421 1521 3503 ὥσπερ
1593 3422 1843 3504 ἔχομεν.
1934 3423 2166 3489 Maneo
2235 3426 2305 3488 in
2372 3429 2587 3490 vetere
2656 3429 2969 3492 sententia

591 3535 756 3608 ἡμᾶς
803 3551 940 3596 esse
986 3529 1344 3595 delendum.
1439 3528 1827 3593 Hei-werden
1874 3531 2151 3593 retinens
2200 3529 2367 3605 ἡμᾶς
2416 3535 2710 3595 annotat:
2758 3533 2968 3614 „Clas-

586 3659 690 3701 sen
751 3643 1047 3720 comparat
1103 3634 1217 3700 IV.
1273 3633 1422 3699 118.
1479 3634 1539 3698 1.
1587 3633 1699 3698 vi.
1750 3631 1861 3698 22.
1914 3633 2019 3698 1.”
2112 3633 2236 3699 1110
2299 3633 2436 3700 1000
2483 3619 2756 3723 legitur:
2806 3638 2974 3703 amr

593 3746 740 3821 ἡμῖν
783 3742 1047 3822 χρῆσθαι
1097 3741 1200 3804 τὸν
1245 3737 1655 3822 βουλόμενον,
1703 3739 1823 3804 hoc
1869 3738 2036 3804 loco:
2086 3739 2352 3813 ὁπλίτας
2408 3775 2495 3790 ——
2542 3742 2811 3814 πολλούς
2862 3767 2964 3819 μοι

597 3850 763 3914 δοκεῖ
825 3855 1051 3926 χρῆναι
1115 3847 1283 3922 ἡμᾶς
1345 3842 1544 3924 ἄγειν.
1637 3843 1766 3909 Sed
1828 3849 2096 3930 uterque
2156 3845 2368 3924 locus,
2425 3853 2501 3911 ut
2544 3847 2752 3924 vides,
2806 3846 2970 3913 nihil

597 3956 752 4020 facit
799 3952 878 4018 ad
925 3973 1080 4016 rem.
1131 3948 1228 4016 cf.
1276 3949 1602 4034 Aristoph.
1653 3950 1889 4034 Equiti.
1940 3971 2032 4016 vs.
2088 3950 2281 4016 1311.

870 4057 938 4134 ἣν
987 4057 1038 4121 δ’
1085 4056 1310 4137 ἀρέσκῃ
1355 4057 1540 4120 ταῦτ’
1591 4054 1933 4131 Ἀθηναίοις
1982 4058 2285 4133 καθῆσθαί
2327 4082 2427 4136 μοι
2478 4057 2645 4123 δοκεῖ

868 4167 928 4236 ἐς
977 4163 1047 4228 τὸ
1093 4171 1346 4236 Θησεῖον
1393 4161 1707 4236 πλεούσας
1758 4165 1791 4237 ἢ
1846 4161 1935 4227 ’πὶ
1984 4169 2101 4228 τῶν
2149 4171 2380 4243 σεμνῶν
2427 4165 2589 4230 θεῶν.

592 4281 656 4340 et
702 4275 770 4339 in
829 4271 1030 4355 Veapis
1073 4289 1170 4337 vs.
1222 4266 1391 4336 2¹70:
2334 4256 2375 4266 ““

1220 4375 1394 4440 ἑλλοὶ
1440 4397 1542 4453 μοι
1591 4375 1759 4440 δοκεῖ
1800 4373 2036 4449 ςαντας
2084 4377 2301 4460 ἐνθάδ’,
2350 4373 2553 4456 ὦνδρες
2574 4423 2591 4453 ,

1214 4481 1474 4567 ᾄδοντας
1529 4481 1717 4547 αὐτὸν
1764 4481 2074 4547 ἐκκαλεῖν.
