3369 5142
562 275 693 344 368
1256 311 1261 314 -
1626 295 1867 347 menno,

554 471 828 556 commi,
892 492 1015 533 non
1076 469 1343 534 multum
1403 491 1498 534 me
1546 469 1730 556 fallit
1797 469 1876 555 [si
1937 467 2386 551 consulemini]
2453 471 2608 556 quid
2651 469 2786 534 sitis
2833 489 2932 533 re-

558 578 866 666 sponsari.

648 681 975 767 Expunxit
1034 684 1326 768 ineptum
1391 682 1902 749 additamentum
1967 686 2024 748 si
2081 683 2516 760 consulamini,
2575 681 2742 768 quod
2791 681 2940 746 addi

560 807 683 852 non
746 793 994 872 poterat
1054 794 1390 874 postquam
1451 789 1618 854 dixit
1662 813 1767 875 eqo
1813 813 1973 855 nunc
2017 791 2125 854 lzos
2170 790 2437 856 consulo·
2542 787 2782 868 Quaero
2831 787 2940 850 abs

564 906 621 958 te
668 898 790 960 oet.

656 1120 729 1185 In
775 1123 810 1205 ξ
860 1120 981 1186 55:
1031 1124 1331 1198 viderint,
1379 1124 1615 1208 inquit,
1666 1127 1788 1188 ista
1835 1125 2030 1210 officia
2079 1125 2202 1188 viri
2246 1124 2425 1198 boni,·
2475 1125 2549 1188 de
2595 1145 2690 1188 me
2737 1135 2940 1188 autem

564 1228 657 1292 ita
718 1231 1137 1305 considerem,
1204 1252 1327 1292 non
1391 1231 1544 1314 quid
1601 1230 1856 1293 habeam
1877 1276 1893 1306 ‚
1940 1233 2046 1294 sed
2088 1231 2307 1315 quibus
2352 1231 2529 1295 rebus
2577 1232 2942 1302 invenerimz

565 1346 868 1419 quaerant
911 1347 969 1398 et
1014 1336 1529 1420 quemadmodum
1574 1347 1759 1399 natus
1803 1348 1860 1400 et
1905 1359 2026 1421 quo
2063 1348 2251 1422 pacto
2297 1337 2585 1400 educatus
2631 1338 2769 1400 eim.

655 1439 833 1504 Haec
896 1438 1215 1526 Pluygers
1272 1441 1364 1505 ita
1410 1443 1728 1505 restituit:
1777 1443 1851 1505 de
1895 1463 1990 1505 me
2034 1453 2238 1505 autem
2283 1459 2394 1505 rm
2441 1443 2816 1505 considere-nt
2861 1457 2944 1504 υτ

564 1570 688 1610 non
735 1548 888 1632 quid
932 1546 1185 1610 habeam
1230 1549 1337 1610 sed
1379 1547 1598 1632 quibus
1644 1547 1821 1611 rebus
1866 1550 2198 1612 invenerim
2245 1559 2579 1633 quaerant,
2628 1560 2686 1611 et
2731 1570 2942 1633 quem·

568 1653 906 1716 admodum
950 1664 1135 1717 natus
1178 1664 1283 1717 cet.

656 1758 812 1823 Post
870 1775 981 1823 ru
1041 1759 1386 1843 requiritur
1447 1777 1529 1824 uti·
1551 1809 1569 1837 ,
1630 1780 1757 1845 quo
1817 1765 2068 1847 recepto
2130 1781 2247 1826 sua
2303 1765 2523 1846 sponte
2585 1759 2947 1826 coalescunt

566 1886 727 1950 quae
772 1886 939 1930 nuno
987 1864 1153 1931 male
1200 1863 1455 1932 divulsa
1491 1872 1659 1931 eunt.

656 2109 730 2175 In
776 2111 813 2194 ξ
862 2107 983 2176 ’713
1049 2133 1263 2174 accusa
1324 2109 1429 2172 ubi
1485 2111 1576 2174 ita
1635 2130 1859 2173 necesse
1917 2121 2025 2175 est.
2079 2147 2159 2157 —
2209 2109 2383 2188 Non,
2431 2111 2659 2196 inquit,
2709 2110 2834 2173 nisi
2879 2120 2948 2171 tu

568 2229 709 2282 ante
768 2239 921 2281 novo
982 2232 1168 2281 mono
1221 2219 1439 2303 priore
1484 2214 1608 2280 loco
1655 2217 1905 2280 dixeris.
1959 2253 2040 2263 -—
2093 2219 2415 2281 mcendum
2461 2217 2792 2281 necessario
2839 2227 2944 2279 est.

570 2359 651 2372 -
702 2321 1215 2386 Praestituendae
1265 2320 1449 2385 horae
1493 2323 1580 2384 ad
1622 2321 1954 2385 arbitrium
2006 2333 2310 2387 nostrum.

656 2427 975 2516 Pluygers
1021 2427 1325 2493 correxit:
1374 2449 1527 2493 novo
1573 2445 1759 2491 moun
1805 2432 1871 2492 et
1918 2426 2275 2513 supplevit:
2327 2445 2439 2492 Dm
2484 2429 2830 2492 dicendum.

653 2672 729 2739 In
774 2674 811 2757 ξ
860 2670 981 2739 ¹74:
1032 2672 1213 2758 quasi
1257 2672 1480 2736 eximio
1519 2672 1804 2757 praemio
1853 2670 2088 2736 sceleris
2135 2672 2439 2757 Exposito.

656 2779 965 2864 Reposuit
1002 2780 1285 2864 praemio
1335 2815 1416 2825 —-
1470 2780 1792 2865 rRoposito
1811 2823 1826 2854 ,
1875 2782 1950 2841 ut
1996 2797 2213 2844 omnes
2258 2775 2628 2861 loquuntur.

657 3021 733 3088 In
779 3025 814 3107 ξ
864 3022 984 3087 83;
1049 3022 1105 3085 si
1162 3017 1432 3106 Alfenus
1482 3056 1565 3067 —-
1616 3021 1731 3085 tibi
1776 3034 1908 3085 tum
1954 3025 2298 3087 satisdare'l·
2345 3034 2402 3087 et
2449 3024 2744 3086 iudicium
2793 3024 2976 3087 acci-.

558 3152 707 3220 pere
764 3129 967 3212 vellet,
1030 3128 1283 3213 denique
1344 3129 1551 3191 omnia
1597 3150 1753 3213 quae
1793 3129 2141 3215 postulares
2177 3130 2388 3214 facere
2435 3130 2753 3205 voluisset,
2803 3130 2956 3214 quid

569 3234 820 3325 ayeres?
1304 3319 1311 3323 ᾳ

659 3341 980 3410 Correxit:
1037 3378 1115 3391 -
1164 3341 1479 3405 satisdarn
1527 3344 1843 3425 expuncto
1888 3340 2075 3406 vellet.

657 3555 731 3621 In
778 3557 813 3639 ς
861 3551 979 3619 97:
1041 3550 1421 3636 interpolata
1486 3554 1675 3619 verba
1740 3550 2070 3637 complura
2135 3550 2319 3615 eiecit
2381 3554 2444 3615 et
2507 3552 2600 3616 ite.
2661 3553 2946 3638 scripsit:

570 3665 765 3753 ipsius
829 3658 966 3726 Sex.
1017 3656 1249 3723 Naevii
1293 3658 1624 3723 lacrimans
1670 3682 1928 3722 manum
1965 3656 2296 3745 prehendit
2341 3660 2406 3721 in
2445 3661 2950 3747 propinquorum

568 3773 737 3837 bonis
776 3767 1228 3854 proscribendis
1265 3768 1659 3829 exercitatam
1681 3809 1697 3840 ,
1743 3765 2070 3828 obsecravit
2102 3786 2223 3851 per
2250 3763 2492 3850 fratris
2531 3768 2632 3829 sui
2657 3766 2942 3849 [mortui]

567 3880 823 3943 cinerem
844 3919 858 3947 ‚
910 3894 1030 3958 per
1092 3891 1307 3933 nomen
1354 3871 1886 3956 propinquitatis,
1927 3890 2046 3955 per
2091 3870 2288 3957 ipsius
2333 3874 2641 3955 coniuyem
2689 3882 2746 3934 et
2803 3870 2950 3934 libe-

568 4008 671 4050 ros
692 3980 987 4067 „quibus
1036 3978 1305 4063 propior
1363 3974 1445 4038 P.
1505 3974 1788 4053 Quinctio
1835 3997 2008 4040 nemo
2055 3988 2144 4040 est
2164 4023 2179 4052 ,
2227 3989 2297 4042 ut
2343 3977 2678 4063 aliquando
2727 3976 2945 4056 [mise-

568 4087 907 4155 ricordiam
970 4084 1246 4167 caperet]
1294 4082 1573 4167 aliquam
1618 4084 1674 4145 si
1717 4106 1840 4147 non
1878 4086 2375 4171 propinquitatis
2421 4098 2490 4149 at
2537 4084 2944 4147 humanitatis

568 4198 869 4261 rationem
932 4190 1211 4263 haberem
1262 4200 1331 4251 ut
1374 4209 1571 4251 secum
1622 4186 1919 4273 [aliquid]
1969 4192 2209 4277 inteyra
2257 4214 2368 4254 sua
2406 4189 2597 4275 sama
2647 4188 2946 4273 qualibet,

568 4301 900 4367 dummodo
948 4294 1282 4370 tolerabili,
1330 4296 1669 4358 conditione
1717 4297 2100 4381 transigeret.

657 4406 950 4473 Primum
1024 4403 1331 4487 expunxit
1400 4403 1667 4479 mortui,
1743 4421 1866 4486 quo
1939 4400 2246 4466 vocabulo
2311 4400 2466 4485 quid
2539 4422 2671 4465 esse
2743 4406 2950 4489 potest
