<?xml version="1.0" encoding="UTF-8"?>
<!DOCTYPE html PUBLIC "-//W3C//DTD XHTML 1.0 Transitional//EN"
    "http://www.w3.org/TR/xhtml1/DTD/xhtml1-transitional.dtd">
<html xmlns="http://www.w3.org/1999/xhtml" xml:lang="en" lang="en">
 <head>
  <title>
</title>
<meta http-equiv="Content-Type" content="text/html;charset=utf-8" />
  <meta name='ocr-system' content='tesseract 3.04.00' />
  <meta name='ocr-capabilities' content='ocr_page ocr_carea ocr_par ocr_line ocrx_word'/>
</head>
<body>
  <div class='ocr_page' id='page_1' title='image "./mnemosynevolume01verdgoog_0302.png"; bbox 0 0 3369 5142; ppageno 0'>
   <div class='ocr_carea' id='block_1_1' title="bbox 537 344 1886 417">
    <p class='ocr_par' dir='ltr' id='par_1_1' title="bbox 537 344 1886 417">
     <span class='ocr_line' id='line_1_1' title="bbox 537 344 1886 417; baseline -0.003 -1"><span class='ocrx_word' id='word_1_1' title='bbox 537 344 669 417; x_wconf 75' lang='lat'><strong>2¹76</strong></span> <span class='ocrx_word' id='word_1_2' title='bbox 1545 361 1886 415; x_wconf 59' lang='lat' dir='ltr'><strong>amnon,</strong></span> 
     </span>
    </p>
   </div>
   <div class='ocr_carea' id='block_1_2' title="bbox 533 534 2904 2217">
    <p class='ocr_par' dir='ltr' id='par_1_2' title="bbox 534 534 2900 942">
     <span class='ocr_line' id='line_1_2' title="bbox 534 534 2896 624; baseline -0.002 -24"><span class='ocrx_word' id='word_1_3' title='bbox 534 538 831 603; x_wconf 83' lang='lat' dir='ltr'><strong>exeuntia</strong></span> <span class='ocrx_word' id='word_1_4' title='bbox 896 536 1091 603; x_wconf 84' lang='lat' dir='ltr'><strong>stulte</strong></span> <span class='ocrx_word' id='word_1_5' title='bbox 1150 540 1316 603; x_wconf 90' lang='lat' dir='ltr'><strong>inter</strong></span> <span class='ocrx_word' id='word_1_6' title='bbox 1374 558 1441 603; x_wconf 80' lang='lat' dir='ltr'><strong>se</strong></span> <span class='ocrx_word' id='word_1_7' title='bbox 1500 543 1863 624; x_wconf 85' lang='lat' dir='ltr'><strong>permutata</strong></span> <span class='ocrx_word' id='word_1_8' title='bbox 1923 536 2236 601; x_wconf 77' lang='lat' dir='ltr'><strong>viderunt.</strong></span> <span class='ocrx_word' id='word_1_9' title='bbox 2330 534 2630 601; x_wconf 76' lang='lat' dir='ltr'><strong>Indicabo</strong></span> <span class='ocrx_word' id='word_1_10' title='bbox 2677 554 2896 599; x_wconf 89' lang='lat' dir='ltr'><strong>unum.</strong></span> 
     </span>
     <span class='ocr_line' id='line_1_3' title="bbox 535 637 2898 731; baseline -0.003 -21"><span class='ocrx_word' id='word_1_11' title='bbox 535 644 703 728; x_wconf 74' lang='lat' dir='ltr'><strong>apud</strong></span> <span class='ocrx_word' id='word_1_12' title='bbox 763 643 1215 728; x_wconf 82' lang='lat' dir='ltr'><strong>Antiphontem</strong></span> <span class='ocrx_word' id='word_1_13' title='bbox 1274 664 1422 731; x_wconf 79' lang='lat' dir='ltr'><strong>pag.</strong></span> <span class='ocrx_word' id='word_1_14' title='bbox 1493 642 1640 709; x_wconf 83' lang='lat'><strong>137.</strong></span> <span class='ocrx_word' id='word_1_15' title='bbox 1704 661 1838 726; x_wconf 79' lang='lat' dir='ltr'><strong>cap.</strong></span> <span class='ocrx_word' id='word_1_16' title='bbox 1905 640 2033 707; x_wconf 81' lang='lat'><strong>72:</strong></span> <span class='ocrx_word' id='word_1_17' title='bbox 2094 641 2274 718; x_wconf 76' lang='grc' dir='ltr'><strong>μέγα</strong></span> <span class='ocrx_word' id='word_1_18' title='bbox 2333 663 2424 705; x_wconf 82' lang='grc' dir='ltr'><strong>τοι</strong></span> <span class='ocrx_word' id='word_1_19' title='bbox 2490 640 2685 719; x_wconf 71' lang='grc' dir='ltr'><strong><em>ἡμέρα</em></strong></span> <span class='ocrx_word' id='word_1_20' title='bbox 2747 637 2898 718; x_wconf 71' lang='grc' dir='ltr'><strong><em>παρ’</em></strong></span> 
     </span>
     <span class='ocr_line' id='line_1_4' title="bbox 536 746 2900 829; baseline -0.002 -14"><span class='ocrx_word' id='word_1_21' title='bbox 536 749 766 829; x_wconf 72' lang='grc' dir='ltr'><strong><em>ἡμέραν</em></strong></span> <span class='ocrx_word' id='word_1_22' title='bbox 810 749 1142 828; x_wconf 72' lang='grc' dir='ltr'><em>γιγνομένη</em></span> <span class='ocrx_word' id='word_1_23' title='bbox 1187 754 1435 828; x_wconf 72' lang='grc' dir='ltr'><strong><em>γνώμην</em></strong></span> <span class='ocrx_word' id='word_1_24' title='bbox 1482 748 1551 825; x_wconf 76' lang='grc' dir='ltr'><strong>ἐξ</strong></span> <span class='ocrx_word' id='word_1_25' title='bbox 1588 751 1793 828; x_wconf 69' lang='grc' dir='ltr'><strong><em>ἀρχῆς</em></strong></span> <span class='ocrx_word' id='word_1_26' title='bbox 1832 748 2276 826; x_wconf 59' lang='lat' dir='ltr'><strong>sarracenice-IN</strong></span> <span class='ocrx_word' id='word_1_27' title='bbox 2317 746 2421 811; x_wconf 74' lang='grc' dir='ltr'><strong>καὶ</strong></span> <span class='ocrx_word' id='word_1_28' title='bbox 2459 748 2570 820; x_wconf 71' lang='grc' dir='ltr'><strong><em>τὴν</em></strong></span> <span class='ocrx_word' id='word_1_29' title='bbox 2609 747 2900 821; x_wconf 68' lang='grc' dir='ltr'><strong>ἀλήθειαν</strong></span> 
     </span>
     <span class='ocr_line' id='line_1_5' title="bbox 541 854 2569 942; baseline -0.002 -21"><span class='ocrx_word' id='word_1_30' title='bbox 541 863 864 921; x_wconf 77' lang='grc' dir='ltr'><strong>ΕΤΡΕΙΝ.</strong></span> <span class='ocrx_word' id='word_1_31' title='bbox 954 854 1055 921; x_wconf 80' lang='lat' dir='ltr'><strong>Sic</strong></span> <span class='ocrx_word' id='word_1_32' title='bbox 1098 854 1287 921; x_wconf 88' lang='lat' dir='ltr'>libri:</span> <span class='ocrx_word' id='word_1_33' title='bbox 1336 854 1696 942; x_wconf 74' lang='lat' dir='ltr'><strong>Stephanus</strong></span> <span class='ocrx_word' id='word_1_34' title='bbox 1741 854 2108 920; x_wconf 75' lang='lat' dir='ltr'><strong>emendavit</strong></span> <span class='ocrx_word' id='word_1_35' title='bbox 2153 860 2569 930; x_wconf 70' lang='grc' dir='ltr'><strong>μεταςῆΟΛΙ.</strong></span> 
     </span>
    </p>

    <p class='ocr_par' dir='ltr' id='par_1_3' title="bbox 533 957 2904 2217">
     <span class='ocr_line' id='line_1_6' title="bbox 624 957 2898 1047; baseline -0.002 -20"><span class='ocrx_word' id='word_1_36' title='bbox 624 960 701 1027; x_wconf 93' lang='lat' dir='ltr'><strong>In</strong></span> <span class='ocrx_word' id='word_1_37' title='bbox 760 982 894 1047; x_wconf 87' lang='lat' dir='ltr'><strong>sqq.</strong></span> <span class='ocrx_word' id='word_1_38' title='bbox 940 960 1243 1039; x_wconf 71' lang='grc' dir='ltr'><strong><em>πυθομένη</em></strong></span> <span class='ocrx_word' id='word_1_39' title='bbox 1288 960 1537 1047; x_wconf 75' lang='lat' dir='ltr'><strong>expulit</strong></span> <span class='ocrx_word' id='word_1_40' title='bbox 1578 960 1854 1027; x_wconf 87' lang='lat' dir='ltr'><strong>Dobree:</strong></span> <span class='ocrx_word' id='word_1_41' title='bbox 1899 962 2250 1025; x_wconf 83' lang='lat' dir='ltr'><strong>rectissime</strong></span> <span class='ocrx_word' id='word_1_42' title='bbox 2291 957 2406 1024; x_wconf 89' lang='lat' dir='ltr'><strong>ille</strong></span> <span class='ocrx_word' id='word_1_43' title='bbox 2451 958 2704 1043; x_wconf 91' lang='lat' dir='ltr'><strong>quidem</strong></span> <span class='ocrx_word' id='word_1_44' title='bbox 2751 976 2898 1023; x_wconf 90' lang='lat' dir='ltr'><strong>nam</strong></span> 
     </span>
     <span class='ocr_line' id='line_1_7' title="bbox 535 1066 2903 1153; baseline -0.002 -20"><span class='ocrx_word' id='word_1_45' title='bbox 535 1068 801 1133; x_wconf 84' lang='lat' dir='ltr'><strong>absurde</strong></span> <span class='ocrx_word' id='word_1_46' title='bbox 866 1070 1291 1153; x_wconf 82' lang='lat' dir='ltr'><strong>interponitur</strong></span> <span class='ocrx_word' id='word_1_47' title='bbox 1350 1073 1416 1133; x_wconf 89' lang='lat' dir='ltr'><strong>et</strong></span> <span class='ocrx_word' id='word_1_48' title='bbox 1475 1067 1643 1133; x_wconf 80' lang='lat' dir='ltr'><strong>nihil</strong></span> <span class='ocrx_word' id='word_1_49' title='bbox 1703 1067 1858 1133; x_wconf 76' lang='lat' dir='ltr'><strong>facit</strong></span> <span class='ocrx_word' id='word_1_50' title='bbox 1919 1066 1998 1131; x_wconf 92' lang='lat' dir='ltr'><strong>ad</strong></span> <span class='ocrx_word' id='word_1_51' title='bbox 2045 1085 2180 1130; x_wconf 90' lang='lat' dir='ltr'><strong>rem</strong></span> <span class='ocrx_word' id='word_1_52' title='bbox 2231 1070 2297 1130; x_wconf 89' lang='lat' dir='ltr'><strong>et</strong></span> <span class='ocrx_word' id='word_1_53' title='bbox 2340 1066 2718 1131; x_wconf 87' lang='lat' dir='ltr'><strong>sententiam</strong></span> <span class='ocrx_word' id='word_1_54' title='bbox 2767 1084 2903 1150; x_wconf 91' lang='lat' dir='ltr'><strong>per-</strong></span> 
     </span>
     <span class='ocr_line' id='line_1_8' title="bbox 534 1168 2902 1259; baseline -0.003 -17"><span class='ocrx_word' id='word_1_55' title='bbox 534 1177 749 1242; x_wconf 78' lang='lat' dir='ltr'><strong>vertit.</strong></span> <span class='ocrx_word' id='word_1_56' title='bbox 838 1172 1098 1239; x_wconf 76' lang='lat' dir='ltr'><strong>Poterat</strong></span> <span class='ocrx_word' id='word_1_57' title='bbox 1162 1174 1421 1259; x_wconf 82' lang='lat' dir='ltr'><strong>perinde</strong></span> <span class='ocrx_word' id='word_1_58' title='bbox 1492 1174 1647 1239; x_wconf 90' lang='lat' dir='ltr'><strong>bene</strong></span> <span class='ocrx_word' id='word_1_59' title='bbox 1720 1182 1896 1250; x_wconf 79' lang='grc' dir='ltr'><strong><em>μῖῐνιν</em></strong></span> <span class='ocrx_word' id='word_1_60' title='bbox 1955 1170 2121 1237; x_wconf 75' lang='grc' dir='ltr'><strong><em>ἄειδε</em></strong></span> <span class='ocrx_word' id='word_1_61' title='bbox 2186 1170 2293 1235; x_wconf 71' lang='grc' dir='ltr'><strong>θεά</strong></span> <span class='ocrx_word' id='word_1_62' title='bbox 2347 1173 2680 1255; x_wconf 87' lang='lat' dir='ltr'><strong>interponi.</strong></span> <span class='ocrx_word' id='word_1_63' title='bbox 2777 1168 2902 1235; x_wconf 83' lang='lat' dir='ltr'><strong>Sed</strong></span> 
     </span>
     <span class='ocr_line' id='line_1_9' title="bbox 533 1276 2900 1361; baseline -0.003 -15"><span class='ocrx_word' id='word_1_64' title='bbox 533 1280 702 1346; x_wconf 89' lang='lat' dir='ltr'><strong>unde</strong></span> <span class='ocrx_word' id='word_1_65' title='bbox 770 1279 1029 1345; x_wconf 88' lang='lat' dir='ltr'><strong>tandem</strong></span> <span class='ocrx_word' id='word_1_66' title='bbox 1096 1287 1323 1345; x_wconf 88' lang='lat' dir='ltr'><strong>natum</strong></span> <span class='ocrx_word' id='word_1_67' title='bbox 1386 1300 1521 1345; x_wconf 82' lang='lat' dir='ltr'><strong>esse</strong></span> <span class='ocrx_word' id='word_1_68' title='bbox 1580 1276 1910 1345; x_wconf 79' lang='lat' dir='ltr'><strong>dicamus?</strong></span> <span class='ocrx_word' id='word_1_69' title='bbox 1973 1278 2203 1343; x_wconf 86' lang='lat' dir='ltr'><strong>Videor</strong></span> <span class='ocrx_word' id='word_1_70' title='bbox 2243 1276 2408 1341; x_wconf 89' lang='lat' dir='ltr'><strong>mihi</strong></span> <span class='ocrx_word' id='word_1_71' title='bbox 2453 1276 2520 1340; x_wconf 92' lang='lat' dir='ltr'><strong>id</strong></span> <span class='ocrx_word' id='word_1_72' title='bbox 2565 1279 2900 1361; x_wconf 86' lang='lat' dir='ltr'><strong>reperisse:</strong></span> 
     </span>
     <span class='ocr_line' id='line_1_10' title="bbox 536 1382 2900 1471; baseline -0.002 -20"><span class='ocrx_word' id='word_1_73' title='bbox 536 1384 869 1471; x_wconf 82' lang='lat' dir='ltr'><strong>Antiphon</strong></span> <span class='ocrx_word' id='word_1_74' title='bbox 915 1384 1207 1451; x_wconf 75' lang='lat' dir='ltr'><strong>dederat:</strong></span> <span class='ocrx_word' id='word_1_75' title='bbox 1256 1386 1659 1461; x_wconf 73' lang='grc' dir='ltr'><strong>πυθομένη</strong></span> <span class='ocrx_word' id='word_1_76' title='bbox 1707 1385 1762 1449; x_wconf 72' lang='grc' dir='ltr'><strong>δ’</strong></span> <span class='ocrx_word' id='word_1_77' title='bbox 1811 1382 1902 1448; x_wconf 74' lang='grc' dir='ltr'><strong>ὅτι</strong></span> <span class='ocrx_word' id='word_1_78' title='bbox 1951 1382 2290 1449; x_wconf 69' lang='grc' dir='ltr'><strong><em>ἀδικεῖσθαι</em></strong></span> <span class='ocrx_word' id='word_1_79' title='bbox 2341 1382 2606 1457; x_wconf 78' lang='grc' dir='ltr'><strong>ἔμελλεν</strong></span> <span class='ocrx_word' id='word_1_80' title='bbox 2647 1382 2761 1449; x_wconf 74' lang='grc' dir='ltr'><strong>ὑπὸ</strong></span> <span class='ocrx_word' id='word_1_81' title='bbox 2796 1387 2900 1447; x_wconf 81' lang='grc' dir='ltr'><strong>τοῦ</strong></span> 
     </span>
     <span class='ocr_line' id='line_1_11' title="bbox 535 1488 2904 1575; baseline -0.002 -17"><span class='ocrx_word' id='word_1_82' title='bbox 535 1492 795 1558; x_wconf 79' lang='grc' dir='ltr'><strong><em>Φιλόνεω</em></strong></span> <span class='ocrx_word' id='word_1_83' title='bbox 843 1490 1337 1569; x_wconf 73' lang='grc' dir='ltr'><strong>μεταπέμπεται</strong></span> <span class='ocrx_word' id='word_1_84' title='bbox 1354 1539 1372 1569; x_wconf 85' lang='grc'><strong><em>,</em></strong></span> <span class='ocrx_word' id='word_1_85' title='bbox 1424 1497 1489 1557; x_wconf 86' lang='lat' dir='ltr'><strong>et</strong></span> <span class='ocrx_word' id='word_1_86' title='bbox 1534 1510 1739 1557; x_wconf 89' lang='lat' dir='ltr'><strong>errore</strong></span> <span class='ocrx_word' id='word_1_87' title='bbox 1784 1491 2024 1557; x_wconf 84' lang='lat' dir='ltr'><strong>scribae</strong></span> <span class='ocrx_word' id='word_1_88' title='bbox 2069 1508 2182 1575; x_wconf 88' lang='lat' dir='ltr'><strong>pro</strong></span> <span class='ocrx_word' id='word_1_89' title='bbox 2229 1488 2560 1565; x_wconf 75' lang='grc' dir='ltr'><strong><em>ΠΤθομένη</em></strong></span> <span class='ocrx_word' id='word_1_90' title='bbox 2599 1489 2904 1554; x_wconf 85' lang='lat' dir='ltr'><strong>substitu-</strong></span> 
     </span>
     <span class='ocr_line' id='line_1_12' title="bbox 534 1593 2903 1683; baseline -0.001 -19"><span class='ocrx_word' id='word_1_91' title='bbox 534 1605 675 1665; x_wconf 89' lang='lat' dir='ltr'><strong>tum</strong></span> <span class='ocrx_word' id='word_1_92' title='bbox 746 1605 843 1664; x_wconf 85' lang='lat' dir='ltr'><strong>est</strong></span> <span class='ocrx_word' id='word_1_93' title='bbox 912 1597 1265 1673; x_wconf 76' lang='grc' dir='ltr'><strong><em>ΛΙΕθομένη</em></strong></span> <span class='ocrx_word' id='word_1_94' title='bbox 1288 1648 1305 1683; x_wconf 84' lang='grc'><strong><em>,</em></strong></span> <span class='ocrx_word' id='word_1_95' title='bbox 1384 1606 1524 1663; x_wconf 88' lang='lat' dir='ltr'><strong>tum</strong></span> <span class='ocrx_word' id='word_1_96' title='bbox 1596 1596 2032 1663; x_wconf 79' lang='lat' dir='ltr'><strong>animadverso</strong></span> <span class='ocrx_word' id='word_1_97' title='bbox 2100 1615 2304 1661; x_wconf 88' lang='lat' dir='ltr'><strong>errore</strong></span> <span class='ocrx_word' id='word_1_98' title='bbox 2371 1593 2760 1680; x_wconf 77' lang='lat' dir='ltr'><strong>adscriptum</strong></span> <span class='ocrx_word' id='word_1_99' title='bbox 2824 1595 2903 1661; x_wconf 91' lang='lat' dir='ltr'><strong>de</strong></span> 
     </span>
     <span class='ocr_line' id='line_1_13' title="bbox 538 1702 2901 1792; baseline -0.002 -20"><span class='ocrx_word' id='word_1_100' title='bbox 538 1725 715 1772; x_wconf 90' lang='lat' dir='ltr'><strong>more</strong></span> <span class='ocrx_word' id='word_1_101' title='bbox 772 1706 841 1769; x_wconf 92' lang='lat' dir='ltr'><strong>in</strong></span> <span class='ocrx_word' id='word_1_102' title='bbox 900 1707 1193 1792; x_wconf 76' lang='lat' dir='ltr'><strong>margine</strong></span> <span class='ocrx_word' id='word_1_103' title='bbox 1255 1704 1557 1782; x_wconf 72' lang='grc' dir='ltr'><strong>πυθομένη</strong></span> <span class='ocrx_word' id='word_1_104' title='bbox 1620 1707 1688 1769; x_wconf 87' lang='lat' dir='ltr'><strong>in</strong></span> <span class='ocrx_word' id='word_1_105' title='bbox 1749 1703 2020 1769; x_wconf 80' lang='lat' dir='ltr'><strong>alienam</strong></span> <span class='ocrx_word' id='word_1_106' title='bbox 2066 1702 2279 1769; x_wconf 81' lang='lat' dir='ltr'><strong>sedem</strong></span> <span class='ocrx_word' id='word_1_107' title='bbox 2322 1704 2596 1787; x_wconf 81' lang='lat' dir='ltr'><strong>irrepsit.</strong></span> <span class='ocrx_word' id='word_1_108' title='bbox 2688 1702 2901 1769; x_wconf 77' lang='lat' dir='ltr'><strong>Facile</strong></span> 
     </span>
     <span class='ocr_line' id='line_1_14' title="bbox 540 1810 2902 1895; baseline -0.003 -16"><span class='ocrx_word' id='word_1_109' title='bbox 540 1817 637 1879; x_wconf 85' lang='lat' dir='ltr'><strong>est</strong></span> <span class='ocrx_word' id='word_1_110' title='bbox 680 1818 897 1878; x_wconf 88' lang='lat' dir='ltr'><strong>autem</strong></span> <span class='ocrx_word' id='word_1_111' title='bbox 946 1814 1327 1877; x_wconf 83' lang='lat' dir='ltr'><strong>constituere</strong></span> <span class='ocrx_word' id='word_1_112' title='bbox 1370 1818 1518 1878; x_wconf 87' lang='lat' dir='ltr'><strong>utra</strong></span> <span class='ocrx_word' id='word_1_113' title='bbox 1562 1810 1873 1895; x_wconf 82' lang='lat' dir='ltr'><strong>scriptura</strong></span> <span class='ocrx_word' id='word_1_114' title='bbox 1917 1812 2004 1875; x_wconf 87' lang='lat' dir='ltr'><strong>sit</strong></span> <span class='ocrx_word' id='word_1_115' title='bbox 2049 1812 2288 1895; x_wconf 86' lang='lat' dir='ltr'><strong>potior:</strong></span> <span class='ocrx_word' id='word_1_116' title='bbox 2337 1810 2548 1892; x_wconf 68' lang='grc' dir='ltr'><strong><em>ᾔσθετο</em></strong></span> <span class='ocrx_word' id='word_1_117' title='bbox 2595 1812 2764 1873; x_wconf 89' lang='lat' dir='ltr'><strong>enim</strong></span> <span class='ocrx_word' id='word_1_118' title='bbox 2804 1815 2902 1874; x_wconf 77' lang='lat' dir='ltr'><strong>est</strong></span> 
     </span>
     <span class='ocr_line' id='line_1_15' title="bbox 537 1916 2902 2003; baseline -0.001 -20"><span class='ocrx_word' id='word_1_119' title='bbox 537 1926 749 1993; x_wconf 67' lang='lat' dir='ltr'><strong>concie,</strong></span> <span class='ocrx_word' id='word_1_120' title='bbox 815 1918 1263 2003; x_wconf 68' lang='lat' dir='ltr'><strong>animadvertit,</strong></span> <span class='ocrx_word' id='word_1_121' title='bbox 1323 1919 1585 1982; x_wconf 72' lang='lat' dir='ltr'><strong>euboluit</strong></span> <span class='ocrx_word' id='word_1_122' title='bbox 1646 1918 1704 1981; x_wconf 77' lang='lat' dir='ltr'><strong>ei</strong></span> <span class='ocrx_word' id='word_1_123' title='bbox 1745 1917 2014 2002; x_wconf 77' lang='lat' dir='ltr'><strong>aliquid,</strong></span> <span class='ocrx_word' id='word_1_124' title='bbox 2061 1916 2314 1981; x_wconf 77' lang='grc' dir='ltr'><strong><em>ἐπύθετο</em></strong></span> <span class='ocrx_word' id='word_1_125' title='bbox 2363 1922 2459 1983; x_wconf 86' lang='lat' dir='ltr'><strong>est</strong></span> <span class='ocrx_word' id='word_1_126' title='bbox 2503 1916 2739 1979; x_wconf 74' lang='lat' dir='ltr'><strong>audivit</strong></span> <span class='ocrx_word' id='word_1_127' title='bbox 2755 1964 2772 1992; x_wconf 94' lang='lat'><strong><em>,</em></strong></span> <span class='ocrx_word' id='word_1_128' title='bbox 2821 1936 2902 1981; x_wconf 83' lang='lat' dir='ltr'><strong>ex</strong></span> 
     </span>
     <span class='ocr_line' id='line_1_16' title="bbox 538 2022 2898 2107; baseline -0.003 -16"><span class='ocrx_word' id='word_1_129' title='bbox 538 2026 934 2091; x_wconf 72' lang='lat' dir='ltr'><strong>sermonibus</strong></span> <span class='ocrx_word' id='word_1_130' title='bbox 990 2027 1117 2089; x_wconf 81' lang='lat' dir='ltr'><strong>viri</strong></span> <span class='ocrx_word' id='word_1_131' title='bbox 1178 2045 1259 2091; x_wconf 90' lang='lat' dir='ltr'><strong>an</strong></span> <span class='ocrx_word' id='word_1_132' title='bbox 1317 2023 1611 2090; x_wconf 89' lang='lat' dir='ltr'><strong>Philonei</strong></span> <span class='ocrx_word' id='word_1_133' title='bbox 1672 2024 1970 2105; x_wconf 69' lang='lat' dir='ltr'><strong>coynovit,</strong></span> <span class='ocrx_word' id='word_1_134' title='bbox 2028 2022 2218 2106; x_wconf 89' lang='lat' dir='ltr'><strong>idque</strong></span> <span class='ocrx_word' id='word_1_135' title='bbox 2277 2025 2490 2107; x_wconf 88' lang='lat' dir='ltr'><strong>ipsum</strong></span> <span class='ocrx_word' id='word_1_136' title='bbox 2537 2023 2631 2087; x_wconf 89' lang='lat' dir='ltr'><strong>rei</strong></span> <span class='ocrx_word' id='word_1_137' title='bbox 2675 2028 2898 2087; x_wconf 80' lang='lat' dir='ltr'><strong>natura</strong></span> 
     </span>
     <span class='ocr_line' id='line_1_17' title="bbox 536 2132 819 2217; baseline -0.011 -19"><span class='ocrx_word' id='word_1_138' title='bbox 536 2132 819 2217; x_wconf 85' lang='lat' dir='ltr'><strong>requirit.</strong></span> 
     </span>
    </p>
   </div>
   <div class='ocr_carea' id='block_1_3' title="bbox 534 2338 2900 2726">
    <p class='ocr_par' dir='ltr' id='par_1_4' title="bbox 534 2338 2900 2726">
     <span class='ocr_line' id='line_1_18' title="bbox 626 2338 2900 2429; baseline 0.001 -24"><span class='ocrx_word' id='word_1_139' title='bbox 626 2340 786 2429; x_wconf 79' lang='lat' dir='ltr'><strong>Pag.</strong></span> <span class='ocrx_word' id='word_1_140' title='bbox 852 2340 999 2406; x_wconf 86' lang='lat'><strong>113.</strong></span> <span class='ocrx_word' id='word_1_141' title='bbox 1069 2342 1186 2407; x_wconf 88' lang='lat'><strong>11:</strong></span> <span class='ocrx_word' id='word_1_142' title='bbox 1252 2342 1358 2406; x_wconf 74' lang='grc' dir='ltr'><strong>καὶ</strong></span> <span class='ocrx_word' id='word_1_143' title='bbox 1421 2340 1455 2417; x_wconf 77' lang='grc' dir='ltr'><em>ἣ</em></span> <span class='ocrx_word' id='word_1_144' title='bbox 1516 2342 1837 2421; x_wconf 80' lang='grc' dir='ltr'><strong><em>ὑπέσχετο</em></strong></span> <span class='ocrx_word' id='word_1_145' title='bbox 1881 2345 1960 2415; x_wconf 80' lang='grc' dir='ltr'><strong>ὥς</strong></span> <span class='ocrx_word' id='word_1_146' title='bbox 2005 2341 2252 2423; x_wconf 69' lang='grc' dir='ltr'><strong><em>τάχιςα</em></strong></span> <span class='ocrx_word' id='word_1_147' title='bbox 2301 2338 2490 2419; x_wconf 78' lang='grc' dir='ltr'><strong>οἶμαι.</strong></span> <span class='ocrx_word' id='word_1_148' title='bbox 2585 2342 2702 2409; x_wconf 76' lang='lat' dir='ltr'><strong>Est</strong></span> <span class='ocrx_word' id='word_1_149' title='bbox 2745 2343 2900 2409; x_wconf 82' lang='lat' dir='ltr'><strong>haee</strong></span> 
     </span>
     <span class='ocr_line' id='line_1_19' title="bbox 536 2444 2898 2534; baseline 0.001 -21"><span class='ocrx_word' id='word_1_150' title='bbox 536 2446 769 2513; x_wconf 84' lang='lat' dir='ltr'><strong>Blassii</strong></span> <span class='ocrx_word' id='word_1_151' title='bbox 829 2447 1297 2527; x_wconf 70' lang='grc' dir='ltr'><strong>παραδιορθωσις</strong></span> <span class='ocrx_word' id='word_1_152' title='bbox 1356 2468 1471 2532; x_wconf 90' lang='lat' dir='ltr'><strong>pro</strong></span> <span class='ocrx_word' id='word_1_153' title='bbox 1534 2447 1846 2527; x_wconf 76' lang='grc' dir='ltr'><strong><em>ὑπέσχετο</em></strong></span> <span class='ocrx_word' id='word_1_154' title='bbox 1903 2450 2149 2527; x_wconf 56' lang='lat' dir='ltr'><strong>mixte-a</strong></span> <span class='ocrx_word' id='word_1_155' title='bbox 2203 2451 2281 2519; x_wconf 78' lang='grc' dir='ltr'><strong>ὥς</strong></span> <span class='ocrx_word' id='word_1_156' title='bbox 2342 2444 2511 2526; x_wconf 80' lang='grc' dir='ltr'><strong><em>οἶμαι</em></strong></span> <span class='ocrx_word' id='word_1_157' title='bbox 2531 2496 2547 2526; x_wconf 84' lang='grc'><strong><em>,</em></strong></span> <span class='ocrx_word' id='word_1_158' title='bbox 2596 2449 2761 2534; x_wconf 91' lang='lat' dir='ltr'><strong>quod</strong></span> <span class='ocrx_word' id='word_1_159' title='bbox 2805 2470 2898 2515; x_wconf 85' lang='lat' dir='ltr'><strong>re·</strong></span> 
     </span>
     <span class='ocr_line' id='line_1_20' title="bbox 535 2553 2900 2638; baseline 0.001 -19"><span class='ocrx_word' id='word_1_160' title='bbox 535 2553 887 2620; x_wconf 79' lang='lat' dir='ltr'><strong>vocandum</strong></span> <span class='ocrx_word' id='word_1_161' title='bbox 938 2558 1047 2620; x_wconf 84' lang='lat' dir='ltr'><strong>est.</strong></span> <span class='ocrx_word' id='word_1_162' title='bbox 1143 2556 1271 2626; x_wconf 77' lang='grc' dir='ltr'><strong>Ὠς</strong></span> <span class='ocrx_word' id='word_1_163' title='bbox 1319 2556 1563 2636; x_wconf 54' lang='lat' dir='ltr'><strong>mixte-a</strong></span> <span class='ocrx_word' id='word_1_164' title='bbox 1610 2577 1781 2636; x_wconf 75' lang='lat' dir='ltr'><strong>quam</strong></span> <span class='ocrx_word' id='word_1_165' title='bbox 1825 2554 2020 2638; x_wconf 73' lang='lat' dir='ltr'><strong>potuit</strong></span> <span class='ocrx_word' id='word_1_166' title='bbox 2063 2556 2364 2620; x_wconf 77' lang='lat' dir='ltr'><strong>celerrime</strong></span> <span class='ocrx_word' id='word_1_167' title='bbox 2404 2577 2444 2621; x_wconf 92' lang='lat' dir='ltr'><strong>a</strong></span> <span class='ocrx_word' id='word_1_168' title='bbox 2488 2554 2613 2622; x_wconf 80' lang='lat' dir='ltr'><strong>loci</strong></span> <span class='ocrx_word' id='word_1_169' title='bbox 2654 2562 2900 2622; x_wconf 89' lang='lat' dir='ltr'><strong>senten-</strong></span> 
     </span>
     <span class='ocr_line' id='line_1_21' title="bbox 534 2661 980 2726; baseline 0 -1"><span class='ocrx_word' id='word_1_170' title='bbox 534 2663 627 2726; x_wconf 88' lang='lat' dir='ltr'><strong>tia</strong></span> <span class='ocrx_word' id='word_1_171' title='bbox 672 2661 980 2726; x_wconf 87' lang='lat' dir='ltr'><strong>abhorret.</strong></span> 
     </span>
    </p>
   </div>
   <div class='ocr_carea' id='block_1_4' title="bbox 535 2870 2900 3490">
    <p class='ocr_par' dir='ltr' id='par_1_5' title="bbox 535 2870 2900 3490">
     <span class='ocr_line' id='line_1_22' title="bbox 626 2870 2899 2962; baseline 0.001 -26"><span class='ocrx_word' id='word_1_172' title='bbox 626 2871 783 2959; x_wconf 79' lang='lat' dir='ltr'><strong>Pag.</strong></span> <span class='ocrx_word' id='word_1_173' title='bbox 852 2870 995 2938; x_wconf 83' lang='lat'><strong>113.</strong></span> <span class='ocrx_word' id='word_1_174' title='bbox 1068 2870 1185 2938; x_wconf 86' lang='lat'><strong>18:</strong></span> <span class='ocrx_word' id='word_1_175' title='bbox 1255 2881 1365 2948; x_wconf 78' lang='grc' dir='ltr'><strong>τῆς</strong></span> <span class='ocrx_word' id='word_1_176' title='bbox 1432 2874 1948 2952; x_wconf 72' lang='grc' dir='ltr'><strong>Κλυταιμνῆςρας</strong></span> <span class='ocrx_word' id='word_1_177' title='bbox 2011 2883 2122 2947; x_wconf 74' lang='grc' dir='ltr'><strong>τῆς</strong></span> <span class='ocrx_word' id='word_1_178' title='bbox 2169 2875 2386 2940; x_wconf 77' lang='grc' dir='ltr'><strong><em>τούτου</em></strong></span> <span class='ocrx_word' id='word_1_179' title='bbox 2433 2875 2655 2954; x_wconf 77' lang='grc' dir='ltr'><strong><em>μητρὸς</em></strong></span> <span class='ocrx_word' id='word_1_180' title='bbox 2705 2877 2899 2962; x_wconf 78' lang='grc' dir='ltr'>(ταῖς)</span> 
     </span>
     <span class='ocr_line' id='line_1_23' title="bbox 540 2975 2896 3056; baseline 0.001 -14"><span class='ocrx_word' id='word_1_181' title='bbox 540 2978 865 3052; x_wconf 73' lang='grc' dir='ltr'><em>ὑποθήκαις</em></span> <span class='ocrx_word' id='word_1_182' title='bbox 932 2975 1072 3056; x_wconf 76' lang='grc' dir='ltr'><strong>ἅμα</strong></span> <span class='ocrx_word' id='word_1_183' title='bbox 1121 2979 1529 3044; x_wconf 75' lang='grc' dir='ltr'><strong>διακονοῦσαν.</strong></span> <span class='ocrx_word' id='word_1_184' title='bbox 1625 2978 2066 3047; x_wconf 83' lang='lat' dir='ltr'><strong>Revocandam</strong></span> <span class='ocrx_word' id='word_1_185' title='bbox 2117 3001 2250 3047; x_wconf 86' lang='lat' dir='ltr'><strong>esse</strong></span> <span class='ocrx_word' id='word_1_186' title='bbox 2299 3002 2518 3048; x_wconf 88' lang='lat' dir='ltr'><strong>censeo</strong></span> <span class='ocrx_word' id='word_1_187' title='bbox 2561 2981 2896 3047; x_wconf 85' lang='lat' dir='ltr'><strong>lectionem</strong></span> 
     </span>
     <span class='ocr_line' id='line_1_24' title="bbox 535 3085 2896 3165; baseline 0 -15"><span class='ocrx_word' id='word_1_188' title='bbox 535 3085 845 3151; x_wconf 81' lang='lat' dir='ltr'><strong>Bekkeri:</strong></span> <span class='ocrx_word' id='word_1_189' title='bbox 926 3092 1129 3150; x_wconf 81' lang='lat' dir='ltr'><strong>TAlc</strong></span> <span class='ocrx_word' id='word_1_190' title='bbox 1202 3087 1719 3164; x_wconf 72' lang='grc' dir='ltr'><strong>Κλυταιμνήςρας</strong></span> <span class='ocrx_word' id='word_1_191' title='bbox 1785 3093 1898 3158; x_wconf 77' lang='grc' dir='ltr'><strong>τῆς</strong></span> <span class='ocrx_word' id='word_1_192' title='bbox 1966 3089 2180 3152; x_wconf 79' lang='grc' dir='ltr'><strong><em>τούτου</em></strong></span> <span class='ocrx_word' id='word_1_193' title='bbox 2250 3087 2476 3165; x_wconf 78' lang='grc' dir='ltr'><strong><em>μητρὸς</em></strong></span> <span class='ocrx_word' id='word_1_194' title='bbox 2549 3087 2896 3161; x_wconf 75' lang='grc' dir='ltr'><strong>ὑποθήκαις.</strong></span> 
     </span>
     <span class='ocr_line' id='line_1_25' title="bbox 536 3190 2898 3276; baseline 0 -20"><span class='ocrx_word' id='word_1_195' title='bbox 536 3190 766 3256; x_wconf 90' lang='lat' dir='ltr'><strong>Odioso</strong></span> <span class='ocrx_word' id='word_1_196' title='bbox 831 3193 1089 3256; x_wconf 92' lang='lat' dir='ltr'><strong>nomine</strong></span> <span class='ocrx_word' id='word_1_197' title='bbox 1158 3190 1487 3256; x_wconf 83' lang='lat' dir='ltr'><strong>mulierem</strong></span> <span class='ocrx_word' id='word_1_198' title='bbox 1514 3240 1529 3268; x_wconf 91' lang='lat'><em>,</em></span> <span class='ocrx_word' id='word_1_199' title='bbox 1603 3213 1764 3276; x_wconf 88' lang='lat' dir='ltr'><strong>quae</strong></span> <span class='ocrx_word' id='word_1_200' title='bbox 1835 3196 2144 3257; x_wconf 85' lang='lat' dir='ltr'><strong>maritum</strong></span> <span class='ocrx_word' id='word_1_201' title='bbox 2216 3212 2453 3258; x_wconf 83' lang='lat' dir='ltr'><strong>veneno</strong></span> <span class='ocrx_word' id='word_1_202' title='bbox 2521 3192 2898 3276; x_wconf 76' lang='lat' dir='ltr'><strong>sustulerat,</strong></span> 
     </span>
     <span class='ocr_line' id='line_1_26' title="bbox 536 3295 2900 3385; baseline -0.001 -21"><span class='ocrx_word' id='word_1_203' title='bbox 536 3297 884 3385; x_wconf 83' lang='lat' dir='ltr'><strong>appellavit</strong></span> <span class='ocrx_word' id='word_1_204' title='bbox 963 3295 1537 3382; x_wconf 75' lang='lat' dir='ltr'><strong>Clytaemnestram</strong></span> <span class='ocrx_word' id='word_1_205' title='bbox 1565 3346 1581 3375; x_wconf 87' lang='lat'><em>‚</em></span> <span class='ocrx_word' id='word_1_206' title='bbox 1658 3306 1734 3362; x_wconf 88' lang='lat' dir='ltr'><strong>ut</strong></span> <span class='ocrx_word' id='word_1_207' title='bbox 1797 3297 2054 3364; x_wconf 88' lang='lat' dir='ltr'><strong>Caelius</strong></span> <span class='ocrx_word' id='word_1_208' title='bbox 2125 3296 2412 3364; x_wconf 83' lang='lat' dir='ltr'><strong>Clodiam</strong></span> <span class='ocrx_word' id='word_1_209' title='bbox 2487 3300 2566 3363; x_wconf 92' lang='lat' dir='ltr'><strong>ob</strong></span> <span class='ocrx_word' id='word_1_210' title='bbox 2637 3298 2900 3364; x_wconf 87' lang='lat' dir='ltr'><strong>eandem</strong></span> 
     </span>
     <span class='ocr_line' id='line_1_27' title="bbox 536 3403 2898 3490; baseline -0.001 -19"><span class='ocrx_word' id='word_1_211' title='bbox 536 3425 793 3471; x_wconf 78' lang='lat' dir='ltr'><strong>oausam</strong></span> <span class='ocrx_word' id='word_1_212' title='bbox 853 3405 1342 3490; x_wconf 70' lang='lat' dir='ltr'><strong>quadrantariam</strong></span> <span class='ocrx_word' id='word_1_213' title='bbox 1415 3405 1932 3490; x_wconf 67' lang='lat' dir='ltr'><strong>Clytaemnestram</strong></span> <span class='ocrx_word' id='word_1_214' title='bbox 1993 3405 2158 3469; x_wconf 87' lang='lat' dir='ltr'><strong>dixit</strong></span> <span class='ocrx_word' id='word_1_215' title='bbox 2215 3404 2384 3488; x_wconf 87' lang='lat' dir='ltr'><strong>apud</strong></span> <span class='ocrx_word' id='word_1_216' title='bbox 2431 3403 2898 3484; x_wconf 82' lang='lat' dir='ltr'><strong>Quintilianum</strong></span> 
     </span>
    </p>
   </div>
   <div class='ocr_carea' id='block_1_5' title="bbox 537 3508 973 3578">
    <p class='ocr_par' dir='ltr' id='par_1_6' title="bbox 537 3508 973 3578">
     <span class='ocr_line' id='line_1_28' title="bbox 537 3508 973 3578; baseline -0.009 0"><span class='ocrx_word' id='word_1_217' title='bbox 537 3509 708 3578; x_wconf 84' lang='lat' dir='ltr'><strong>VIII.</strong></span> <span class='ocrx_word' id='word_1_218' title='bbox 756 3508 818 3573; x_wconf 88' lang='grc'><strong>6.</strong></span> <span class='ocrx_word' id='word_1_219' title='bbox 866 3511 973 3576; x_wconf 84' lang='lat'><strong>53.</strong></span> 
     </span>
    </p>
   </div>
   <div class='ocr_carea' id='block_1_6' title="bbox 536 3718 2904 4544">
    <p class='ocr_par' dir='ltr' id='par_1_7' title="bbox 538 3718 2902 4124">
     <span class='ocr_line' id='line_1_29' title="bbox 626 3718 2898 3808; baseline 0.001 -23"><span class='ocrx_word' id='word_1_220' title='bbox 626 3719 788 3808; x_wconf 79' lang='lat' dir='ltr'><strong>Pag.</strong></span> <span class='ocrx_word' id='word_1_221' title='bbox 842 3718 996 3786; x_wconf 87' lang='lat'><strong>113.</strong></span> <span class='ocrx_word' id='word_1_222' title='bbox 1043 3719 1166 3786; x_wconf 83' lang='lat'><strong>25:</strong></span> <span class='ocrx_word' id='word_1_223' title='bbox 1219 3724 1252 3795; x_wconf 77' lang='grc' dir='ltr'><strong><em>ἦ</em></strong></span> <span class='ocrx_word' id='word_1_224' title='bbox 1300 3722 1362 3787; x_wconf 73' lang='grc' dir='ltr'><strong>δὲ</strong></span> <span class='ocrx_word' id='word_1_225' title='bbox 1410 3723 1713 3796; x_wconf 66' lang='grc' dir='ltr'><strong><em>παλλακὴ</em></strong></span> <span class='ocrx_word' id='word_1_226' title='bbox 1741 3757 1824 3770; x_wconf 89' lang='lat'>-</span> <span class='ocrx_word' id='word_1_227' title='bbox 1851 3723 1960 3796; x_wconf 67' lang='grc' dir='ltr'><strong><em>τὴν</em></strong></span> <span class='ocrx_word' id='word_1_228' title='bbox 2006 3720 2262 3796; x_wconf 68' lang='grc' dir='ltr'><strong><em>σπονδὴν</em></strong></span> <span class='ocrx_word' id='word_1_229' title='bbox 2301 3718 2443 3799; x_wconf 71' lang='grc' dir='ltr'><strong>ἅμα</strong></span> <span class='ocrx_word' id='word_1_230' title='bbox 2475 3721 2788 3801; x_wconf 69' lang='grc' dir='ltr'><strong>ἐγχέουσα</strong></span> <span class='ocrx_word' id='word_1_231' title='bbox 2817 3757 2898 3771; x_wconf 91' lang='lat'><strong>·-——-</strong></span> 
     </span>
     <span class='ocr_line' id='line_1_30' title="bbox 538 3826 2897 3914; baseline 0 -22"><span class='ocrx_word' id='word_1_232' title='bbox 538 3828 765 3908; x_wconf 73' lang='grc' dir='ltr'><strong><em>ἐνέχει</em></strong></span> <span class='ocrx_word' id='word_1_233' title='bbox 812 3826 883 3890; x_wconf 75' lang='grc' dir='ltr'><strong>τὸ</strong></span> <span class='ocrx_word' id='word_1_234' title='bbox 929 3828 1285 3907; x_wconf 72' lang='grc' dir='ltr'><strong><em>Φάρμακον.</em></strong></span> <span class='ocrx_word' id='word_1_235' title='bbox 1338 3829 1456 3894; x_wconf 82' lang='grc' dir='ltr'><strong><em>Ρι·ο</em></strong></span> <span class='ocrx_word' id='word_1_236' title='bbox 1506 3829 1875 3913; x_wconf 74' lang='lat' dir='ltr'><strong>imperfecto</strong></span> <span class='ocrx_word' id='word_1_237' title='bbox 1924 3831 2196 3893; x_wconf 85' lang='lat' dir='ltr'><strong>aoristus</strong></span> <span class='ocrx_word' id='word_1_238' title='bbox 2241 3831 2586 3914; x_wconf 88' lang='lat' dir='ltr'><strong>requiritur</strong></span> <span class='ocrx_word' id='word_1_239' title='bbox 2634 3829 2864 3910; x_wconf 81' lang='grc' dir='ltr'><strong><em>ε’νέχεΕ</em></strong></span> <span class='ocrx_word' id='word_1_240' title='bbox 2883 3875 2897 3904; x_wconf 91' lang='grc'><em>,</em></span> 
     </span>
     <span class='ocr_line' id='line_1_31' title="bbox 539 3934 2902 4018; baseline -0.001 -19"><span class='ocrx_word' id='word_1_241' title='bbox 539 3940 613 3999; x_wconf 89' lang='lat' dir='ltr'><strong>ut</strong></span> <span class='ocrx_word' id='word_1_242' title='bbox 680 3939 825 4018; x_wconf 90' lang='lat' dir='ltr'><strong>post</strong></span> <span class='ocrx_word' id='word_1_243' title='bbox 880 3951 1082 4018; x_wconf 82' lang='lat' dir='ltr'><strong>pauca</strong></span> <span class='ocrx_word' id='word_1_244' title='bbox 1143 3940 1312 3999; x_wconf 85' lang='lat' dir='ltr'><strong>recte</strong></span> <span class='ocrx_word' id='word_1_245' title='bbox 1370 3935 1615 4000; x_wconf 88' lang='lat' dir='ltr'><strong>editur:</strong></span> <span class='ocrx_word' id='word_1_246' title='bbox 1678 3935 1762 4014; x_wconf 73' lang='grc' dir='ltr'><strong>τῷ</strong></span> <span class='ocrx_word' id='word_1_247' title='bbox 1828 3935 1892 3998; x_wconf 75' lang='grc' dir='ltr'><strong>δὲ</strong></span> <span class='ocrx_word' id='word_1_248' title='bbox 1951 3936 2140 4012; x_wconf 74' lang='grc' dir='ltr'><strong><em>πατρὶ</em></strong></span> <span class='ocrx_word' id='word_1_249' title='bbox 2189 3937 2273 4014; x_wconf 74' lang='grc' dir='ltr'><strong>τῷ</strong></span> <span class='ocrx_word' id='word_1_250' title='bbox 2321 3934 2594 4016; x_wconf 70' lang='grc' dir='ltr'><strong><em>ἡμετέρῳ</em></strong></span> <span class='ocrx_word' id='word_1_251' title='bbox 2639 3935 2902 3999; x_wconf 80' lang='grc' dir='ltr'><strong><em>ἔλασσον</em></strong></span> 
     </span>
     <span class='ocr_line' id='line_1_32' title="bbox 538 4039 2252 4124; baseline -0.001 -19"><span class='ocrx_word' id='word_1_252' title='bbox 538 4040 775 4120; x_wconf 77' lang='grc' dir='ltr'><strong><em>ένέχεΕ</em></strong></span> <span class='ocrx_word' id='word_1_253' title='bbox 818 4059 931 4124; x_wconf 89' lang='lat' dir='ltr'><strong>pro</strong></span> <span class='ocrx_word' id='word_1_254' title='bbox 979 4041 1289 4123; x_wconf 78' lang='lat' dir='ltr'><strong>scriptura</strong></span> <span class='ocrx_word' id='word_1_255' title='bbox 1333 4039 1643 4105; x_wconf 90' lang='lat' dir='ltr'><strong>librorum</strong></span> <span class='ocrx_word' id='word_1_256' title='bbox 1693 4043 1980 4104; x_wconf 90' lang='lat' dir='ltr'><strong>omnium</strong></span> <span class='ocrx_word' id='word_1_257' title='bbox 2031 4039 2252 4120; x_wconf 79' lang='grc' dir='ltr'><strong><em>ἐνέχει.</em></strong></span> 
     </span>
    </p>

    <p class='ocr_par' dir='ltr' id='par_1_8' title="bbox 536 4144 2904 4544">
     <span class='ocr_line' id='line_1_33' title="bbox 628 4144 2900 4233; baseline -0.001 -21"><span class='ocrx_word' id='word_1_258' title='bbox 628 4145 869 4212; x_wconf 86' lang='lat' dir='ltr'><strong>Deinde</strong></span> <span class='ocrx_word' id='word_1_259' title='bbox 933 4149 999 4210; x_wconf 91' lang='lat' dir='ltr'><strong>in</strong></span> <span class='ocrx_word' id='word_1_260' title='bbox 1062 4153 1309 4212; x_wconf 84' lang='lat' dir='ltr'><strong>textum</strong></span> <span class='ocrx_word' id='word_1_261' title='bbox 1359 4153 1669 4231; x_wconf 83' lang='lat' dir='ltr'><strong>receptam</strong></span> <span class='ocrx_word' id='word_1_262' title='bbox 1724 4147 2006 4230; x_wconf 88' lang='lat' dir='ltr'><strong>oportuit</strong></span> <span class='ocrx_word' id='word_1_263' title='bbox 2051 4144 2408 4233; x_wconf 79' lang='lat' dir='ltr'><strong>Hirsehigii</strong></span> <span class='ocrx_word' id='word_1_264' title='bbox 2453 4149 2900 4211; x_wconf 83' lang='lat' dir='ltr'><strong>correctionem</strong></span> 
     </span>
     <span class='ocr_line' id='line_1_34' title="bbox 536 4251 2904 4338; baseline -0.001 -19"><span class='ocrx_word' id='word_1_265' title='bbox 536 4255 771 4331; x_wconf 75' lang='grc' dir='ltr'><strong><em>οἰομένη</em></strong></span> <span class='ocrx_word' id='word_1_266' title='bbox 846 4251 1037 4328; x_wconf 73' lang='grc' dir='ltr'><strong><em>δεξιόν</em></strong></span> <span class='ocrx_word' id='word_1_267' title='bbox 1108 4257 1225 4338; x_wconf 79' lang='grc' dir='ltr'>(τι)</span> <span class='ocrx_word' id='word_1_268' title='bbox 1300 4261 1533 4329; x_wconf 80' lang='grc' dir='ltr'><strong><em>Πωεῒν,</em></strong></span> <span class='ocrx_word' id='word_1_269' title='bbox 1612 4254 1761 4336; x_wconf 85' lang='lat' dir='ltr'><strong>quia</strong></span> <span class='ocrx_word' id='word_1_270' title='bbox 1831 4271 2032 4336; x_wconf 90' lang='lat' dir='ltr'><strong>neque</strong></span> <span class='ocrx_word' id='word_1_271' title='bbox 2106 4255 2170 4316; x_wconf 93' lang='lat' dir='ltr'><strong>in</strong></span> <span class='ocrx_word' id='word_1_272' title='bbox 2235 4251 2350 4317; x_wconf 84' lang='lat' dir='ltr'><strong>tali</strong></span> <span class='ocrx_word' id='word_1_273' title='bbox 2419 4273 2488 4317; x_wconf 90' lang='lat' dir='ltr'><strong>re</strong></span> <span class='ocrx_word' id='word_1_274' title='bbox 2555 4275 2613 4315; x_wconf 80' lang='grc' dir='ltr'><strong>τι</strong></span> <span class='ocrx_word' id='word_1_275' title='bbox 2689 4255 2904 4317; x_wconf 82' lang='lat' dir='ltr'><strong>omitti</strong></span> 
     </span>
     <span class='ocr_line' id='line_1_35' title="bbox 537 4358 2897 4447; baseline -0.002 -21"><span class='ocrx_word' id='word_1_276' title='bbox 537 4365 746 4447; x_wconf 88' lang='lat' dir='ltr'><strong>potest</strong></span> <span class='ocrx_word' id='word_1_277' title='bbox 790 4367 854 4426; x_wconf 89' lang='lat' dir='ltr'><strong>et</strong></span> <span class='ocrx_word' id='word_1_278' title='bbox 897 4379 1009 4426; x_wconf 85' lang='lat' dir='ltr'><strong>eur</strong></span> <span class='ocrx_word' id='word_1_279' title='bbox 1052 4359 1442 4426; x_wconf 80' lang='lat' dir='ltr'><strong>interciderit</strong></span> <span class='ocrx_word' id='word_1_280' title='bbox 1489 4359 1900 4424; x_wconf 84' lang='lat' dir='ltr'><strong>manifestum</strong></span> <span class='ocrx_word' id='word_1_281' title='bbox 1949 4364 2065 4424; x_wconf 88' lang='lat' dir='ltr'><strong>est.</strong></span> <span class='ocrx_word' id='word_1_282' title='bbox 2113 4358 2581 4443; x_wconf 74' lang='lat' dir='ltr'><strong>Theophrastus</strong></span> <span class='ocrx_word' id='word_1_283' title='bbox 2633 4359 2897 4422; x_wconf 68' lang='lat' dir='ltr'><strong>Charace.</strong></span> 
     </span>
     <span class='ocr_line' id='line_1_36' title="bbox 539 4463 2901 4544; baseline -0.003 -8"><span class='ocrx_word' id='word_1_284' title='bbox 539 4465 718 4536; x_wconf 82' lang='lat' dir='ltr'><strong>XIX.</strong></span> <span class='ocrx_word' id='word_1_285' title='bbox 783 4467 887 4531; x_wconf 82' lang='grc' dir='ltr'><strong>καὶ</strong></span> <span class='ocrx_word' id='word_1_286' title='bbox 948 4468 1318 4532; x_wconf 71' lang='grc' dir='ltr'><strong><em>σπενδόντων</em></strong></span> <span class='ocrx_word' id='word_1_287' title='bbox 1385 4465 1683 4544; x_wconf 73' lang='grc' dir='ltr'><strong><em>ἐκβαλεῖν</em></strong></span> <span class='ocrx_word' id='word_1_288' title='bbox 1746 4468 1814 4531; x_wconf 81' lang='grc' dir='ltr'><strong>τὸ</strong></span> <span class='ocrx_word' id='word_1_289' title='bbox 1861 4467 2138 4544; x_wconf 70' lang='grc' dir='ltr'><strong><em>ποτήριον</em></strong></span> <span class='ocrx_word' id='word_1_290' title='bbox 2181 4466 2288 4528; x_wconf 77' lang='grc' dir='ltr'><strong>καὶ</strong></span> <span class='ocrx_word' id='word_1_291' title='bbox 2336 4463 2610 4543; x_wconf 69' lang='grc' dir='ltr'><strong><em>γελάσαι</em></strong></span> <span class='ocrx_word' id='word_1_292' title='bbox 2657 4467 2734 4538; x_wconf 72' lang='grc' dir='ltr'><strong>ὣς</strong></span> <span class='ocrx_word' id='word_1_293' title='bbox 2782 4472 2901 4530; x_wconf 77' lang='grc' dir='ltr'><strong>Τε-</strong></span> 
     </span>
    </p>
   </div>
  </div>
 </body>
</html>
