3369 5142
552 269 636 340 52
1204 351 1220 359 j
1553 289 1937 343 ramum-n

556 464 926 550 planissime
975 469 1258 551 requiro:
1307 466 1379 530 τὸ
1426 467 1636 532 λοιπόν
1683 469 1883 543 ἐςιν,
1937 468 2000 532 εἰ
2050 473 2253 540 κακῶς
2294 467 2658 544 ἀκούσομαι.
2707 465 2770 533 A
2804 487 2939 532 sen-

557 573 760 636 tentia
828 569 953 636 loci
1018 572 1369 637 Meinekins
1438 570 1606 636 mihi
1675 570 1930 639 videtur
1996 570 2371 660 longissime
2440 573 2728 638 aberrare
2748 618 2765 648 ,
2828 571 2940 638 ssd

561 678 798 743 frustra
852 698 1077 742 sumus
1139 681 1205 743 in
1265 676 1472 743 lacero
1533 678 1893 765 fragmento
1939 679 2426 764 interpretando.
2524 679 2597 743 P.
2652 677 2781 743 124
2828 677 2941 743 ubi

555 783 963 849 meretricula
1009 783 1379 870 depingitur
1423 779 1569 858 ἦθός
1620 805 1679 847 τι
1724 789 2024 863 χρυσοῦ
2048 809 2077 848 ν
2124 785 2267 865 πρὸς
2318 785 2539 864 ἀρετὴν
2573 783 2938 864 κεκτημένη,

558 889 811 955 etiamsi
881 891 1171 956 noverim
1217 887 1560 954 Horatium
1610 912 1823 953 aureos
1864 910 2071 955 mores
2119 890 2388 975 dixisse,
2435 889 2663 956 malim
2726 895 2941 958 tamen

554 995 893 1076 κρηςόν,
944 997 1136 1060 sieut-i
1182 995 1424 1082 legitur
1473 1015 1587 1080 ap..
1621 992 1860 1061 Athen.
1909 995 2033 1062 XV
2081 1017 2142 1082 p.
2192 995 2323 1062 686
2368 995 2459 1061 B:

1007 1099 1312 1183 ςεφοὶνους
1361 1101 1631 1178 ἐνεγκεῖν
1678 1099 1843 1180 δεῦρο
1890 1107 2008 1166 τῶν
2050 1109 2296 1184 χρηςῶν
2342 1102 2445 1169 δύο

1007 1207 1111 1274 καὶ
1161 1206 1322 1292 δᾷδα
1370 1206 1609 1288 χρηςην
1659 1205 1935 1286 ἡμμένην
1981 1211 2191 1290 χρηςῷ
2237 1211 2398 1290 πυρί.

651 1417 994 1505 Sophocles
1023 1417 1206 1484 dixit
1249 1420 1317 1483 in
1363 1416 1693 1505 Antigone
1738 1440 1835 1488 vs.
1892 1416 2058 1487 ¹712:

1015 1525 1154 1608 δρᾷς
1201 1523 1378 1605 παρὰ
1421 1521 1704 1606 ῥείθροισι
1753 1525 2109 1607 χειμάρροις
2158 1523 2274 1593 ὅσα

1011 1630 1259 1712 δένδρων
1307 1630 1567 1709 ὑπείκει,
1623 1637 1861 1703 κλῶνας
1908 1633 1984 1706 ὡς
2033 1632 2403 1714 ἐκσώζεται,

1012 1737 1099 1803 τοὶ
1148 1737 1198 1803 δ’
1251 1736 1643 1803 ἀντιτείνοντ’
1698 1737 2074 1819 αὐτόπρεμν’
2122 1739 2507 1806 ἀπόλλυται.

559 1844 956 1931 Antiphanes
1002 1865 1067 1931 p.
1120 1842 1248 1909 138
1295 1843 1580 1930 pulchris
1629 1846 1917 1912 versibus
1956 1846 2190 1913 abusus
2227 1854 2352 1925 est,
2389 1852 2465 1912 ut
2488 1848 2949 1916 demonstraret

566 1949 658 2017 ὅτι
705 1953 776 2017 τὸ
825 1949 927 2032 ζῆν
977 1950 1066 2020 ἐς)
1114 1948 1183 2014 τὸ
1232 1952 1458 2034 πίνειν,
1505 1970 1666 2037 quae
1714 1951 2069 2018 temulenta
2109 1951 2511 2040 philosophia
2556 1955 2945 2021 comoediam

557 2079 686 2126 non
731 2059 1019 2125 dedecet:

926 2165 1068 2248 ὁρᾷς
1115 2163 1290 2243 παρὰ
1327 2161 1608 2245 ῥείθροισι
1655 2163 2011 2246 χειμάρροις
2060 2163 2179 2232 ὅσα

927 2269 1166 2349 δένδρων
1212 2271 1312 2335 ἀεὶ
1359 2270 1470 2345 την
1519 2269 1713 2336 νύκτα
1763 2272 1865 2336 καὶ
1911 2272 2021 2346 την
2070 2273 2301 2354 ἡμέραν

925 2375 1230 2455 βρέχεται
1279 2374 1555 2454 μέγεθος
1606 2377 1712 2441 καὶ
1759 2377 1993 2450 καλλος
2044 2373 2142 2445 οἶα
2189 2401 2512 2461 γιγνεται,

923 2481 1010 2546 τὰ
1061 2480 1114 2546 δ’
1161 2481 1551 2548 ἀντιτείνοντ’
1597 2483 1835 2548 οἱονεὶ
1886 2484 2140 2564 δίψαν
2184 2486 2371 2552 τινὰ

931 2589 966 2665 ἢ
1014 2587 1416 2667 ξηρασίαν
1465 2589 1737 2670 σχόντ’
1784 2590 2157 2670 αὐτόπρεμν’
2204 2592 2584 2661 ἀπόλλυται.

566 2698 797 2785 Spuria
863 2697 1056 2763 verba
1125 2718 1259 2762 esse
1320 2697 1617 2763 existimo
1679 2716 1840 2781 quae
1900 2696 2177 2763 diductis
2231 2697 2436 2766 literis
2481 2705 2734 2768 notavi:
2782 2702 2946 2767 οἱονεὶ

565 2806 759 2884 δίψαν
826 2801 966 2868 τινὰ
1039 2800 1072 2878 ἢ
1142 2798 1440 2881 ξηρασίαν
1510 2799 1778 2881 σχόντα.
1873 2800 2167 2869 Ostendit
2228 2804 2347 2870 hoo
2406 2820 2549 2871 tum
2608 2806 2950 2893 Sophocles

568 2914 736 2998 ipse,
787 2914 926 2976 tum
975 2908 1248 2974 aoristus
1307 2904 1552 2987 σχόντα
1574 2956 1590 2983 ,
1636 2926 1751 2992 pro
1795 2927 1920 2993 quo
1956 2929 2145 2976 nemo
2196 2930 2321 2976 non
2362 2932 2655 2998 praesens
2695 2918 2950 3001 tempus

567 3021 931 3103 reponeret,
978 3015 1035 3079 si
1080 3032 1194 3097 per
1238 3018 1518 3077 metrum
1565 3010 1809 3079 liceret.

659 3226 1027 3313 Sequuntur
1082 3229 1211 3291 tres
1271 3224 1395 3292 loci
1411 3272 1428 3304 ‚
1492 3227 1604 3311 qui
1666 3228 1823 3292 satis
1882 3227 2298 3314 probabiliter
2338 3229 2622 3315 suppleri
2664 3240 2947 3319 possunt.

568 3334 840 3422 Legitur
885 3355 948 3419 p.
1003 3329 1160 3397 138:
2146 3396 2151 3399 .

1023 3436 1093 3515 ἐξ
1129 3436 1384 3509 Ἤλιδος
1431 3436 1761 3522 μάγειρος,
1808 3436 1878 3513 ἐξ
1918 3438 2185 3519 Ἄργους
2234 3438 2462 3521 λέβης,

1029 3540 1317 3615 Φλιάσιος
1367 3538 1514 3614 οἶνος
1535 3590 1552 3619 ,
1600 3541 1669 3606 ἐκ
1716 3540 2001 3623 Κορίνθου
2048 3545 2387 3624 ςρώματα,

1027 3645 1221 3729 ἰχθὺς
1271 3652 1604 3722 Σικυῶνος,
1653 3650 1877 3728 Αἰγίου
1926 3648 1980 3713 δ’
2030 3651 2431 3732 αὐλητρίδες,

1024 3752 1195 3835 τυρὸς
1245 3754 1598 3831 Σικελικός,

1027 3859 1212 3941 μύρον
1259 3857 1329 3936 ἐξ
1375 3857 1678 3936 Ἀθηνῶν,
1727 3861 2022 3944 ἐγχέλεις
2074 3866 2365 3932 Βοιώτιαι.

581 3970 912 4055 Quomodo
966 3972 1263 4053 quartum
1309 3987 1566 4033 versum
1611 3967 2095 4055 supplebimus?
2143 3970 2536 4060 comparabo
2578 3975 2819 4043 Eubuli
2862 3977 2953 4043 lo·

585 4099 732 4147 oum
753 4125 771 4158 ,
820 4094 1011 4162 quem
1055 4072 1288 4139 Pollux
1334 4074 1527 4140 habet
1571 4073 1680 4141 VI.
1731 4074 1853 4142 67:

946 4179 1049 4245 καὶ
1098 4182 1263 4244 νᾶπυ
1309 4180 1568 4262 Κύπριον
1614 4181 1720 4247 καὶ
1769 4182 2126 4261 σκαμωνίας
2175 4184 2351 4270 ὀπόν,

944 4286 1049 4352 καὶ
1097 4284 1408 4365 κάρδαμον
1455 4290 1798 4365 Μιλήσιον,
1850 4289 1957 4354 καὶ
2004 4289 2310 4369 κρόμμυον

949 4388 1410 4477 Σαμοθρᾴκιον,
1466 4394 1567 4459 καὶ
1621 4396 1922 4463 καυλὸν
1970 4398 2052 4462 ἐκ
2099 4396 2621 4480 Καρχηδόνος
