3369 5142
557 291 646 360 40
1555 305 1945 360 niens-m

1014 483 1100 555 εἷς
1145 480 1256 555 τὴν
1302 481 1502 562 ἑορτῆν
1549 479 1682 548 ὅσον
1728 477 1843 548 οἷον
1893 479 2077 548 εἴκοσι
2098 529 2115 560 ,

1014 586 1120 669 ὁρῶ
1169 586 1225 652 δ’
1276 585 1511 655 ἄνωθεν
1555 587 1829 668 γάργαρ’
1874 584 2206 666 ἀνθρώπων
2252 587 2479 669 κύκλῳ.

557 695 780 764 Altero
825 715 1014 762 versu
1063 692 1348 780 'Poupius
1391 698 1667 761 tentavit
1713 698 1789 766 ὡς
1837 692 1951 777 ἄν,
1998 693 2165 778 quod
2212 715 2363 760 cum
2410 714 2536 761 non
2584 693 2948 778 sufficeret,

557 803 822 885 perfecit
868 799 1369 868 emendationem
1419 799 1970 878 Schneidewinus,
2010 805 2121 886 qui
2156 802 2443 867 invenit:
2484 803 2525 866 ὦ
2548 824 2577 873 ς
2618 799 2710 866 ἂν
2752 823 2778 865 ο
2799 797 2860 865 1ο
2881 801 2951 876 μ’

556 907 783 992 εἴκοσι,
847 926 1008 992 quae
1063 906 1228 971 mihi
1291 925 1444 972 vera
1498 905 1689 971 lectio
1732 907 2007 972 videtur.
2102 903 2265 972 Eam
2312 912 2480 974 certe
2526 906 2699 973 malo
2749 925 2945 992 quam

556 1011 970 1080 Herwerdeni
1017 1015 1444 1098 conjecturam
1465 1060 1483 1096 ,
1531 1013 1642 1096 qui
1686 1008 1926 1077 Mnem.
1976 1010 2160 1076 XVII
2208 1010 2295 1078 60
2340 1012 2850 1079 commendavit:

1015 1118 1367 1198 ἐτύγχανον
1411 1120 1526 1196 μὲν
1573 1116 1844 1197 ἀγρόθεν
1891 1126 2238 1186 πλεῖς-ον
2286 1119 2484 1198 Φέρων

1012 1225 1100 1296 εἰς
1149 1224 1259 1297 τὴν
1307 1223 1513 1302 ἑορτὴν
1560 1222 1785 1304 ὄψον,
1835 1218 2001 1289 οἷον
2051 1221 2265 1295 εἰκὸς
2315 1219 2414 1296 ἦν.

557 1329 864 1415 Sequitur
929 1328 1395 1396 Herwerdenus
1465 1329 1855 1396 Meinekium
1871 1376 1889 1408 ‚
1953 1332 2065 1415 qui
2128 1331 2490 1415 suspicatur
2550 1331 2621 1394 in
2676 1325 2949 1407 ἀγρόθεν

564 1437 842 1524 primam
913 1435 1230 1524 syllabam
1303 1435 1603 1521 produci,
1667 1456 1865 1520 quum
1924 1435 2263 1502 manifesta
2322 1434 2581 1522 parodia
2625 1434 2951 1520 Euripidis

556 1546 679 1620 sit,
744 1545 856 1628 qui
917 1541 1186 1607 dixerit:
1237 1543 1588 1620 ἐτύγχανον
1637 1543 1753 1618 μὲν
1800 1539 2072 1622 ἆγρόθεν
2120 1548 2325 1607 πυλῶν
2374 1541 2491 1608 ἔσω
2542 1577 2627 1592 -
2677 1542 2910 1619 βαίνων
2936 1590 2954 1626 ,

481 1635 494 1646 ’
559 1647 763 1715 Orest.
811 1647 965 1714 864.
1059 1645 1205 1712 Non
1251 1667 1522 1734 agnosco
1562 1646 1860 1733 equidem
1900 1651 2237 1733 utriusque
2272 1645 2399 1713 loci
2441 1647 2950 1713 convenientiam

560 1760 626 1821 et
686 1753 854 1839 quod
896 1753 1237 1839 utrobique
1282 1753 1526 1840 legitur
1573 1753 1926 1834 ἐτύγχανον
1975 1755 2091 1831 μὲν
2136 1752 2441 1832 ἀγρόθεν,
2494 1753 2562 1819 id
2614 1755 2953 1820 fortuitum

562 1881 698 1927 esse
760 1860 1047 1926 arbitror.
1146 1855 1425 1924 Gravius
1487 1864 1582 1924 est
1643 1862 1846 1944 pisces
1907 1879 2033 1925 non
2096 1881 2243 1925 rure
2303 1859 2510 1926 afferri
2573 1861 2640 1924 in
2688 1859 2950 1944 urbem,

563 1965 673 2032 sed
735 1970 953 2031 contra
1011 1964 1245 2050 potius.
1341 1972 1597 2030 Πολλῶν
1656 1963 1837 2030 ὄντων
1900 1964 2090 2047 ὄψων,
2156 1967 2379 2032 scribit
2426 1965 2790 2032 Athenaeus
2836 1962 2957 2030 VII

562 2091 626 2156 p.
693 2069 826 2137 582
884 2068 981 2148 D,
1047 2070 1416 2142 ἐκνενίκηκεν
1480 2071 1508 2135 ὃ
1557 2068 1809 2153 ἰχθὺς
1856 2072 2033 2149 μόνον
2082 2073 2116 2149 ἢ
2165 2069 2417 2149 μα’λιςοὶ
2467 2095 2549 2150 γε
2595 2071 2792 2152 ὄψον
2839 2094 2958 2137 κα·

563 2173 819 2242 λεῒσθαι
869 2175 972 2240 διὰ
1019 2175 1090 2240 τὸ
1139 2177 1296 2240 πολὺ
1345 2174 1591 2241 πάντων
1643 2179 1830 2255 αρετῇ
1879 2185 2145 2255 κρατεῖν.
2238 2175 2383 2243 Non
2430 2197 2589 2264 opus
2638 2183 2734 2244 est
2780 2180 2961 2243 testi·

565 2284 802 2349 moniis
863 2281 1124 2368 probare
1142 2331 1159 2365 ‚
1223 2282 1392 2367 quod
1449 2303 1559 2368 per
1607 2284 1810 2368 ipsam
1858 2285 1951 2349 rei
1997 2291 2294 2348 naturam
2342 2283 2531 2349 aliter
2575 2303 2699 2350 non
2748 2285 2960 2370 potuit

571 2387 731 2456 fieri.
774 2390 912 2461 Εἷς
962 2389 1211 2467 ἀγρὸν
1263 2425 1330 2437 -—
1386 2383 1576 2462 ἦλθεν
1625 2388 1825 2468 Φέρων
1874 2388 2011 2455 ποτ’
2061 2387 2461 2469 ἰχθυοπώλης
2513 2389 2799 2468 μαινίδας
2853 2390 2957 2455 καὶ

569 2493 894 2577 τριγλίδας
930 2493 1314 2581 Antiphanis
1352 2496 1544 2561 verba
1580 2503 1732 2561 sunt
1775 2496 1940 2584 apud
1982 2495 2389 2562 Athenaeum
2428 2494 2588 2562 VIII
2628 2517 2688 2583 p.
2719 2496 2851 2562 358
2876 2494 2955 2562 D.

567 2603 1020 2689 Aristophanes
1081 2601 1251 2687 apud
1315 2600 1662 2668 Stobaeum
1728 2603 1829 2669 55.
1902 2605 1938 2668 ‘1
2006 2602 2318 2690 agricolas
2376 2602 2592 2669 felices
2638 2603 2961 2689 praedicat

570 2727 915 2794 eorumque
958 2710 1165 2775 vitam
1212 2710 1304 2773 sic
1349 2708 1683 2773 describit:

987 2812 1156 2896 «ὄψῳ
1199 2814 1264 2879 δὲ
1305 2810 1587 2895 χρῆσθαι
1633 2813 1942 2887 σοι-ινιδίοις
1994 2838 2065 2881 τε
2116 2814 2220 2879 καὶ
2270 2814 2532 2896 κΙχλαιο

1025 2920 1128 2983 καὶ
1176 2918 1267 2996 μὴ
1315 2919 1655 2998 περιμένειν
1702 2918 1771 2997 ἐξ
1815 2924 2050 3002 ἀγορᾶς
2099 2918 2399 3001 ἰχθύδια,
2446 2922 2574 2987 κτὲ.

565 3025 792 3111 Itaque
839 3022 1191 3109 amplector
1226 3023 1691 3091 Schneidewini
1730 3029 2189 3112 conjecturam,
2237 3027 2347 3093 sed
2387 3030 2625 3092 vitium
2664 3031 2954 3092 remanet

563 3134 634 3198 in
691 3130 1005 3196 adiectivo
1062 3129 1374 3204 πλείςους.
1467 3130 1779 3198 Aviculas
1831 3136 2109 3199 rusticus
2154 3132 2378 3199 attulit
2416 3135 2483 3198 in
2532 3134 2789 3212 urbem,
2849 3134 2950 3198 uti

565 3236 864 3303 credibile
910 3240 1034 3302 est:
1089 3236 1336 3309 σπίνους
1384 3236 1667 3324 fortasse,
1714 3242 1825 3325 qui
1873 3241 2174 3306 venibant
2219 3238 2359 3303 καθ’
2408 3240 2575 3305 ἑπτα
2614 3240 2944 3323 τούβολοῦ,

563 3344 757 3411 Arist.
807 3345 927 3410 Av.
981 3340 1178 3409 1079.
1223 3342 1476 3429 Auceps
1519 3342 1741 3410 laudat
1786 3366 2030 3411 merces
2074 3363 2260 3411 suas:

1018 3448 1370 3532 ἐτύγχανον
1415 3451 1530 3527 μὲν
1574 3448 1847 3529 ἀγρόθεν
1896 3450 2217 3527 &Eleous
2269 3451 2468 3531 Φέρων

1022 3557 1104 3628 εἰς
1153 3558 1264 3630 τὴν
1312 3555 1512 3636 ἑορτὴν
1553 3559 1632 3627 ὡς
1681 3555 1759 3620 ἂν
1806 3554 1962 3633 οἴομ’
2010 3556 2220 3622 εἴκοσι.

565 3661 814 3731 Similis
869 3660 1226 3747 corruptela
1288 3668 1384 3727 est
1429 3664 1497 3726 in
1543 3658 1839 3746 Epistula
1882 3662 1962 3728 ad
2008 3660 2365 3740 Hebraeos,
2420 3682 2615 3748 quam
2661 3661 2949 3729 Cobetus

566 3770 839 3835 sanavit.

653 3976 959 4049 Canthari
1002 3978 1390 4046 versiculum
1438 3978 1530 4044 ita
1572 3977 1776 4044 edidit
1820 3976 2181 4047 Meinekius
2226 4002 2290 4067 p.
2338 3978 2509 4046 835:

1062 4083 1392 4165 Κιθαρῳδὸν
1438 4081 1789 4163 ἕξηγείρατ’
1832 4086 2127 4165 Ἀράβιον
2177 4084 2432 4168 χορόν.

565 4190 803 4257 Scribit
867 4194 1084 4256 autem
1152 4189 1380 4256 Suidas
1447 4190 1744 4270 Ἀράβιον
1814 4189 2097 4269 ἄγγελον
2169 4198 2234 4257 et
2308 4190 2607 4270 Ἀράβιον
2663 4193 2940 4268 αύλητῇν

561 4299 858 4383 usurpari
915 4296 1013 4361 ἐπὶ
1068 4303 1186 4361 τῶν
1233 4297 1739 4371 οἱκαταπαύςων,
1792 4296 2018 4364 deinde
2063 4298 2241 4364 affert
2288 4298 2595 4363 Canthari
2646 4316 2948 4365 versum:

561 4400 881 4487 κιθαρῳδὸν
941 4401 1290 4487 ἕξηγείρατ·
1351 4402 1640 4485 Ἀράβιον
1706 4404 1807 4467 τὸν
1865 4406 2043 4485 χορὸν
2103 4408 2336 4469 τοῦτον.
2437 4402 2614 4468 Talis
2664 4403 2791 4469 fuit
2836 4403 2951 4470 'Pi-
