3369 5142
614 258 744 331 446
1596 282 2018 333 rnucrmnne.

608 454 973 519 διανοεῖσθαι
1046 456 1233 519 αὐτὸν
1302 454 1361 525 ές
1429 454 1537 529 τὴν
1608 465 1778 531 νῆσον
1850 454 2246 533 ἀποβαίνειν,
2325 460 2400 519 ut
2465 458 2700 540 passim
2749 454 2986 543 legitur

615 560 912 624 ποιεῖσθαι
977 560 1087 635 την
1148 558 1424 635 ε’πέξοδον
1486 582 1599 645 pro
1662 558 2004 636 ἐπεξιέναι,
2071 561 2367 625 ποιεῖσθαι
2431 563 2539 635 τὴν
2604 565 2988 642 ἀναχώρησιν

610 686 723 751 pro
785 667 1129 746 ἀναχωρεῖν
1189 677 1253 729 et
1312 666 1554 731 similia
1612 666 1962 751 complura.
2025 664 2382 751 Opponitur
2441 666 2604 730 mihi
2649 665 2828 731 loeus
2877 665 2987 733 IV.

619 770 726 837 32.
778 772 835 835 4.
889 773 915 835 ὃ
966 771 1351 848 Δημοσθένης
1394 810 1474 819 -
1502 772 1609 845 την
1659 761 1954 850 ἐπίβασιν
2002 772 2229 837 ἐπενόει
2255 822 2272 845 .
2323 773 2434 837 sed
2477 794 2602 839 non
2651 781 2748 838 est
2797 774 2988 839 idem.

614 882 914 943 Ἐπινοεῒν
960 881 1132 943 enim
1180 898 1327 942 cum
1376 881 1736 943 accusativo
1785 882 2214 964 componitur,
2265 884 2340 943 ut
2379 881 2444 943 in
2481 880 2688 957 ὀλίγον
2713 881 2988 945 ἐπενόουν

613 984 809 1057 οὐδέν,
860 984 968 1049 sed
1016 984 1377 1049 διανοεῖσθαι
1422 984 1615 1049 habet
1659 982 2056 1049 infinitivum
2101 986 2204 1050 vel
2251 988 2596 1069 praesentis
2645 989 2950 1073 temporie
2973 1032 2990 1065 ‚

614 1096 689 1155 ut
734 1092 1009 1175 passim,
1058 1090 1162 1154 vel
1207 1090 1410 1155 futuri
1454 1109 1629 1155 more
1674 1089 2068 1167 Herodote0‚
2117 1098 2192 1155 ut
2240 1090 2350 1157 IV.
2407 1092 2552 1155 115.
2605 1096 2723 1173 πῦρ
2765 1094 2990 1169 ἐνήσειν

614 1196 975 1274 διενοοῦντο,
1040 1202 1105 1261 et
1164 1193 1275 1259 IV.
1344 1196 1488 1261 121.
1557 1196 1658 1258 τὸν
1725 1194 1994 1273 πόλεμον
2057 1195 2376 1261 διενοοῦντο
2420 1197 2734 1287 προθύμως
2787 1199 2988 1263 οἴσειν.

615 1308 679 1367 et
726 1299 864 1368 VII.
917 1300 1022 1367 56.
1087 1304 1404 1367 διενοοῦντο
1468 1304 1736 1384 κλῄσειν.
1801 1308 1865 1366 et
1915 1301 2081 1366 VIII.
2133 1302 2240 1367 55.
2290 1303 2609 1369 διενοοῦντο
2649 1305 2989 1381 βοηθήσειν.

614 1406 889 1473 Perinde
950 1414 1047 1473 est
1105 1410 1311 1494 igitur
1366 1408 1593 1472 ἐπενόει
1659 1409 1766 1481 την
1827 1409 2147 1485 ἀπόβασιν
2194 1414 2257 1473 et
2303 1409 2578 1475 διενοεῖτο
2626 1412 2990 1490 ἀποβαίνειν

618 1516 753 1579 sive
810 1516 923 1588 την
986 1514 1305 1591 ἀπόβασιν
1377 1515 1712 1591 ποιεῖσθαι,
1762 1513 1870 1579 sed
1922 1513 2200 1579 διενοεῖτο
2243 1514 2352 1589 την
2400 1516 2721 1594 ἀπόβασιν
2769 1520 2991 1585 vitiose

618 1618 864 1685 dictum
914 1625 1029 1685 est.

704 1725 915 1791 Paene
975 1725 1293 1813 gemellus
1354 1726 1531 1791 loeus
1590 1732 1689 1791 eet
1749 1725 1824 1791 V.
1892 1724 1954 1791 9.
2015 1728 2126 1799 την
2172 1727 2226 1790 δ’
2275 1728 2650 1808 ἐπιχείρησιν
2699 1723 2741 1810 ᾧ
2791 1730 2988 1811 τρόπῳ

618 1830 974 1910 διανοοῦμαι
1022 1835 1320 1898 ποιεῖσθαι
1367 1831 1609 1909 διδάξω.

706 2042 997 2130 Thucyd.
1063 2042 1168 2108 IV.
1220 2041 1329 2109 29.
1404 2044 1509 2107 οὐκ
1556 2042 1736 2115 οὔσης
1786 2049 1894 2115 τῆς
1945 2044 2356 2124 ΠΡΟΟόψεως
2411 2040 2447 2125 ἦ
2489 2050 2646 2123 χρῆν
2693 2044 2988 2123 αλλήλοις

616 2148 980 2225 ἐπιβοηθεῖν.
1052 2150 1255 2215 Miror
1302 2169 1424 2233 quo
1470 2153 1654 2233 pacto
1701 2147 2086 2213 Herwerden
2131 2153 2439 2233 spreverit
2483 2150 2984 2215 emendationem

614 2256 1018 2337 ΠΡΟόψεως,
1066 2277 1191 2339 qua
1234 2255 1399 2320 nihil
1447 2257 1677 2318 verius.
1741 2254 1976 2320 Nullus
2025 2255 2130 2318 hie
2178 2256 2368 2319 verbo
2420 2260 2712 2335 προσορᾶν
2759 2256 2989 2339 conspi-

614 2382 744 2425 cere
765 2411 779 2438 ,
832 2362 1055 2425 intueri
1101 2361 1279 2425 loeus
1328 2366 1457 2437 est;
1510 2360 1854 2444 requiritur
1890 2361 2252 2443 prospicere,
2291 2369 2682 2445 prospectare.
2733 2361 2814 2427 of.
2854 2380 2985 2447 eap-

616 2465 723 2531 34.
775 2467 831 2531 3.
884 2464 1370 2547 οἱποκεκλημένοι
1417 2465 1530 2542 μὲν
1577 2475 1654 2547 τῇ
1701 2464 1842 2546 ὄψει
1889 2470 1994 2529 τοῦ
2041 2469 2306 2545 προορᾶν.
2359 2471 2426 2532 et
2471 2466 2550 2531 ΙΙ.
2597 2466 2707 2532 89.
2739 2464 2802 2532 8.
2849 2466 2987 2533 οὔτε

614 2575 741 2653 γὰρ
798 2573 877 2638 ἂν
924 2573 1315 2637 έπιπλεύσειέ
1364 2597 1457 2643 τις
1504 2574 1582 2645 ὥς
1628 2571 1752 2649 χρη
1802 2571 1862 2642 ές
1910 2570 2184 2648 ἐμβολην
2231 2573 2319 2648 μὴ
2370 2568 2529 2652 ἔχων
2577 2575 2686 2648 σὺν
2733 2574 2990 2654 πρόοψιν

609 2687 725 2744 τῶν
786 2679 1093 2754 πολεμίων
1155 2678 1223 2741 ἐκ
1288 2682 1539 2743 πολλοῦ.
1590 2682 1656 2742 et
1707 2675 1779 2741 V.
1827 2673 1887 2740 8.
1939 2674 2084 2741 ἄνευ
2129 2677 2440 2758 προόψεως
2490 2681 2708 2745 αὐτῶν.
2757 2687 2821 2744 et
2867 2679 2984 2744 III.

616 2785 720 2848 21.
784 2784 907 2848 ἀνὰ.
968 2785 1037 2849 τὸ
1100 2785 1399 2848 σκοτεινὸν
1444 2784 1508 2848 οὐ
1558 2782 1914 2861 προϊδόντων
1963 2786 2186 2848 αὐτῶν.
2239 2791 2302 2849 et
2349 2783 2460 2849 IV.
2511 2785 2600 2852 34
2648 2788 2708 2851 2.
2766 2783 2986 2866 ἄπορον

614 2885 681 2963 ἦν
728 2889 874 2955 ἰδεῖν
917 2889 988 2953 τὸ
1033 2892 1143 2970 πρὸ
1191 2890 1378 2954 αὑτοῦ
1429 2889 1544 2952 ὑπὸ
1591 2895 1709 2954 τῶν
1756 2885 2175 2965 τοξευμάτων.

705 3100 973 3189 Thueyd
1060 3101 1168 3167 IV.
1231 3101 1339 3166 30.
1403 3101 1465 3165 4.
1534 3101 1736 3165 Κλέων
1795 3137 1870 3148 —·
1918 3099 2294 3180 προπέμψας
2354 3101 2640 3180 ἄγγελον
2701 3108 2778 3176 ὥς
2838 3103 2988 3184 ἥξων

619 3211 776 3296 [καὶ]
829 3209 987 3289 ἔχων
1034 3209 1291 3291 ςρατιαν
1340 3199 1404 3278 ἣν
1454 3208 1751 3290 ᾐτήσατο.
1845 3206 2086 3272 Mirum
2133 3211 2452 3273 neminem
2504 3211 2738 3276 vidisse
2797 3233 2988 3298 quam

614 3318 828 3401 inepte
897 3316 1004 3378 καί
1068 3317 1151 3380 sit
1217 3315 1686 3396 interpositum.
1781 3313 1937 3392 Quis
1999 3315 2202 3378 nescit
2264 3335 2454 3398 quam
2515 3337 2698 3400 saepe
2747 3320 2994 3382 dicatur

614 3422 867 3505 ἔρχεται
916 3421 1108 3500 ἔχων,
1156 3414 1331 3492 ἦλθεν
1380 3418 1572 3502 ἔχων,
1620 3419 1748 3496 ἥκει
1799 3417 1958 3499 ἔχων
2008 3439 2120 3504 pro
2166 3422 2342 3505 affert
2391 3421 2690 3508 (adducit)
2741 3443 2988 3499 seeum,

613 3530 820 3592 aliubi&
892 3527 1189 3614 (adduxit)
1262 3545 1497 3590 secum.
1572 3524 1621 3587 Ι.
1689 3523 1749 3588 9.
1815 3525 1857 3588 ἃ
1909 3520 2083 3598 ἦλθεν
2127 3525 2194 3588 ἐκ
2243 3533 2352 3598 τῆς
2404 3525 2623 3598 Ἀσίας
2674 3527 2856 3608 ἔχων.
2907 3526 2986 3594 ΙΙ.

614 3632 725 3698 80.
782 3633 838 3698 5.
890 3629 989 3704 οὓς
1037 3633 1223 3703 αὐτὸς
1273 3629 1433 3711 ἔχων
1487 3624 1681 3703 ἦλθεν.
1733 3630 1842 3695 IV.
1900 3628 2006 3696 70.
2057 3629 2216 3709 ἔχων
2259 3627 2430 3704 ἦλθεν
2467 3633 2868 3707 ἑπτακοσίους
2901 3613 2992 3682 -Ῑ

613 3740 897 3812 ὁπλίτας.
948 3737 1122 3803 VIII.
1176 3737 1234 3802 8.
1282 3739 1590 3816 χρήματα
1639 3733 1681 3800 ἃ
1733 3731 1906 3808 ἦλθον
1954 3735 2225 3816 ἔχοντες.
2278 3735 2448 3802 VIII.
2501 3737 2609 3804 33.
2661 3735 2739 3812 ἃς
2797 3740 2982 3814 αὐτὸς

616 3845 981 3916 Λακωνικὰς
1048 3840 1220 3920 ἦλθεν
1289 3841 1469 3925 ἔχων.

706 3953 885 4032 Quod
948 3954 1016 4016 in
1074 3951 1257 4015 libris
1316 3955 1442 4016 est:
1504 3949 1710 4012 Κλέων
1757 3948 1811 4012 δ’
1861 3947 2062 4028 ἐκείνῳ
2111 3959 2226 4014 ΤΕ
2273 3949 2652 4031 προπέμψας
2700 3949 2983 4030 ἄγγελον

618 4097 697 4109 --
745 4061 1105 4137 ἀφικνεῖται
1154 4056 1213 4125 ἐς
1258 4055 1479 4118 Πύλον.
1530 4057 1835 4118 vitiosum
1883 4059 1978 4118 est
2024 4063 2086 4119 et
2135 4056 2474 4121 delendum
2521 4080 2624 4134 τε,
2672 4059 2776 4123 cui
2819 4058 2982 4122 nihil

606 4164 959 4251 respondet.
1053 4163 1399 4246 Postquam
1464 4161 1573 4224 καί
1632 4167 1728 4223 eet
1773 4159 2230 4246 interpolatum
2274 4166 2342 4226 in
2395 4161 2548 4240 ἷὶξων
2599 4164 2765 4251 [καὶ]
2819 4165 2978 4246 ἔχων

612 4275 819 4340 neseio
866 4272 1008 4356 quie
1053 4293 1123 4333 τε
1170 4268 1455 4332 inseruit.
