3369 5142
1162 287 1547 338 FRAGMENTA
1592 289 1984 339 comcomm.
2645 264 2779 332 247

839 460 1057 542 ἀνδρῶν
1101 459 1321 541 ἀρίςων
1368 460 1599 527 ἐσθίειν
1644 460 1723 526 δι’
1776 461 2003 541 ἡμέρας

839 564 983 642 ὅλης
1030 568 1384 646 τραχήλους
1436 567 1540 632 καὶ
1590 573 1884 648 κοπρῶνος
1934 568 2226 649 πλησίον,

390 673 498 738 sed
566 675 781 741 verius
840 674 1089 738 iudico:
1156 675 1232 744 ὥς
1295 671 1384 738 λό
1400 696 1445 749 γ
1470 697 1497 736 ο
1517 698 1546 744 ς
1568 724 1587 750 .
1650 695 1730 740 ne
1794 677 1930 760 ipse
1987 672 2300 739 Hercules
2361 673 2482 737 hoc
2541 671 2776 737 dixisse

388 779 695 845 videatur.
793 777 1039 844 Deinde
1084 779 1285 843 miror
1330 778 1737 845 Meinekium
1788 800 1850 864 p.
1899 778 2056 856 259,
2104 778 2273 865 quod
2319 798 2398 844 ex
2443 776 2774 842 Athenaeo

385 884 481 950 IX
527 906 585 970 p.
642 883 770 950 39¹7
822 889 879 948 A
942 884 1164 950 attulit
1222 883 1465 948 Eubuli
1524 885 2000 972 fragmentum:
2052 885 2158 950 καὶ
2206 886 2333 966 γὰρ
2382 885 2410 948 ὅ
2460 879 2622 953 ταῶς
2670 884 2774 947 διὰ

388 990 458 1054 τὸ
516 989 765 1055 σπάνιον
817 989 1205 1069 θαυμάζεται
1234 1039 1249 1064 ,
1302 992 1584 1074 suspicor
1632 993 1804 1055 enim
1853 993 2055 1075 ipsius
2102 996 2324 1076 poetae
2370 990 2565 1055 verba
2610 992 2774 1055 exci-

390 1096 555 1160 disse
596 1101 660 1160 et
706 1095 1111 1160 Athenaeum
1160 1095 1475 1160 addidisse
1522 1097 1589 1160 id
1638 1097 1805 1180 quod
1853 1096 2014 1163 forte
2060 1097 2313 1161 fortuna
2359 1098 2590 1160 senarii
2637 1115 2776 1179 spe·

391 1205 553 1266 ciem
614 1201 826 1266 habet.
918 1200 1120 1266 Paulo
1183 1202 1441 1287 gravior
1503 1205 1598 1266 est
1659 1200 2022 1287 corruptela
2083 1204 2151 1266 in
2198 1201 2438 1267 Eubuli
2485 1200 2774 1267 versibus

392 1327 492 1392 ap.
562 1304 797 1371 Athen.
872 1305 921 1370 I.
984 1328 1043 1391 p.
1112 1307 1196 1370 25
1265 1304 1351 1384 03
1416 1325 1623 1370 sermo
1688 1311 1784 1371 est
1829 1307 1906 1372 de
1953 1305 2218 1374 Graecis
2263 1306 2614 1384 militibus,
2661 1308 2774 1390 qui

393 1411 535 1498 Troj
543 1432 645 1477 am
696 1417 1031 1496 ceperunt:

849 1518 999 1582 ἀλλ’
1045 1515 1175 1582 οὐδὲ
1223 1516 1378 1594 μίαν
1426 1515 1629 1590 ἄλλην
1676 1517 1926 1598 ἐτοιίροιν
1974 1513 2098 1582 εἶδέ
2141 1541 2234 1591 τις

840 1623 1079 1708 αὐτῶν,
1128 1623 1381 1692 ἑαυτοὺς
1431 1621 1483 1684 δ’
1530 1621 1746 1704 ἔδεφον
1795 1623 2104 1696 ἐνιαυτοὺς
2152 1624 2338 1700 δέκα,

842 1731 1062 1809 πικρὰν
1110 1728 1405 1808 ςράτείοιν
1453 1727 1507 1791 δ’
1560 1723 1761 1807 εἶδον,
1811 1728 2022 1800 οἵτινες
2074 1730 2251 1795 πόλιν

840 1836 993 1912 μίαν
1040 1834 1382 1919 λαβόντες,
1433 1835 2180 1915 εὐρυπρωκτότεροι
2230 1834 2388 1899 πολὺ

833 1949 943 2015 τῆς
991 1940 1209 2012 πόλεος
1256 1941 1708 2025 ἀπεχώρησαν,
1758 1938 1822 2015 ἧς
1871 1936 2030 2006 εἶλον
2075 1939 2242 2006 τότε.

386 2045 623 2131 Lepide
670 2046 919 2111 dictum
962 2048 1030 2111 id
1077 2048 1237 2120 erit,
1287 2048 1344 2110 si
1388 2049 1771 2134 reposueris:
1824 2047 2486 2127 εὐρυπυλώτεροι.

478 2253 549 2320 In
596 2255 837 2322 Eubuli
880 2254 1224 2340 versiculo,
1272 2276 1463 2340 quem
1506 2254 1746 2322 Pollux
1788 2257 1981 2323 habet
2026 2256 2134 2324 VI.
2191 2255 2312 2322 10:

770 2369 912 2434 ταῖς
959 2361 1196 2438 ξυςίσιν
1241 2371 1383 2435 τρεῖς
1431 2363 1850 2444 χρυσοπάςοις
1899 2364 2390 2443 ‹spasmon-ac,

386 2466 608 2532 malim
673 2469 1010 2534 rescribere
1059 2472 1508 2555 imperativum
1560 2471 1954 2548 ςρώννυτε
2005 2477 2069 2536 et
2115 2468 2282 2553 quod
2331 2469 2767 2557 fragmentum

384 2577 682 2640 continuo
728 2578 1016 2660 sequitur
1059 2576 1229 2661 apud
1273 2576 1677 2642 Meinekium
1701 2624 1717 2653 ,
1769 2579 1862 2640 ita
1908 2575 2330 2662 supplendum
2381 2594 2638 2642 censeo:

1824 2682 1928 2746 καὶ
1981 2683 2103 2756 μὴν
2151 2680 2355 2745 οἴκαδε

818 2784 1177 2873 (σπουδῇ)
1227 2810 1289 2850 τι
1337 2795 1708 2859 πολλοςοιῒος
1757 2786 2122 2871 ἀποτρέχω,
2171 2785 2376 2865 γύναι.

474 2996 661 3059 Nunc
735 2995 1067 3061 videamus
1129 2995 1207 3061 de
1274 2994 1624 3061 Nicostrati
1695 2996 2054 3082 fragmento
2125 2994 2292 3080 apud
2367 2993 2769 3061 Meinekium

385 3123 445 3187 p.
502 3099 675 3166 286:

927 3206 955 3270 ὅ
1006 3204 1287 3280 κάπηλος
1336 3206 1462 3285 γὰρ
1511 3207 1615 3271 οὑκ
1662 3213 1781 3271 τῶν
1829 3208 2116 3284 γειτόνων

653 3311 732 3376 ἀν
778 3317 837 3376 τ’
884 3308 1029 3377 οἶνον
1074 3311 1150 3376 ἄν
1201 3336 1271 3377 τε
1317 3312 1577 3393 φοινὸν
1624 3311 1948 3376 ἀποδῶταί
1993 3336 2106 3377 τινι

658 3416 733 3481 ἄν
781 3420 838 3479 τ’
886 3416 1053 3495 ὄξος,
1103 3417 1442 3496 ἀπέπεμψ’
1492 3418 1519 3481 ὃ
1570 3416 1922 3497 κατάρατος
1973 3416 2104 3487 δοὺς
2156 3416 2322 3496 ὕδωρ.

388 3522 565 3602 Quod
614 3544 797 3606 saepe
844 3527 1070 3589 comici
1110 3536 1331 3609 poetae
1369 3524 1644 3599 faciunt,
1680 3526 1968 3608 queritur
2009 3522 2414 3588 Nicostratus
2454 3522 2531 3587 de
2555 3522 2774 3587 fraude

386 3629 723 3711 cauponis,
794 3632 903 3713 qui
972 3633 1119 3695 vino
1190 3636 1255 3695 et
1326 3634 1503 3694 aceto
1577 3649 1809 3713 aquam
1881 3628 2122 3693 solebat
2187 3626 2533 3703 affundere;
2599 3628 2776 3693 idem

386 3732 691 3806 faciebat,
742 3736 793 3796 si
842 3736 983 3817 quis
1029 3734 1223 3813 φοινὸν
1274 3740 1544 3800 emeret:
1588 3734 1699 3800 sed
1738 3734 1892 3819 quid
1933 3740 2028 3797 est
2067 3730 2306 3813 (paud-5?
2345 3732 2776 3817 Respondebit

386 3838 751 3903 Athenaeus
824 3838 938 3901 XV
1000 3860 1059 3923 p.
1130 3838 1263 3905 700
1324 3840 1413 3915 Β,
1480 3843 1591 3924 qui
1651 3839 1868 3904 locum
1935 3838 2154 3905 attulit
2225 3846 2298 3905 ut
2365 3840 2486 3903 hoc
2558 3842 2770 3924 ipsum

386 3943 763 4029 explicaret:
814 3944 1009 4024 φανός
1059 3950 1155 4009 est
1199 3945 1332 4010 sive
1378 3944 1679 4021 λαμπάς,
1727 3948 1862 4010 sive
1907 3948 1939 4020 ἦ
1987 3945 2053 4009 ἔκ
2094 3969 2266 4009 τινων
2303 3943 2503 4019 ξύλων
2543 3967 2775 4022 τετμη-

386 4048 579 4125 μένων
637 4048 851 4127 δέσμη.
947 4048 1181 4114 Utrum
1245 4052 1608 4134 probaveris
1664 4049 1832 4115 nihil
1877 4054 2174 4117 interest:
2225 4050 2288 4115 id
2339 4056 2510 4116 certe
2557 4070 2770 4116 conce-

275 4177 284 4185 ·
388 4155 530 4231 des,
578 4155 775 4235 Φανὸν
823 4176 985 4240 aqua
1032 4176 1153 4219 non
1202 4154 1387 4221 dilui.
1436 4156 1720 4221 Affertur
1765 4156 2024 4240 quidem
2069 4155 2400 4221 Menandri
2447 4154 2668 4219 locus:

840 4263 867 4325 ὁ
918 4262 1114 4341 φανός
1164 4262 1253 4329 ἐςι
1306 4264 1492 4337 μεςὸς
1545 4260 1766 4335 ὕδατος
1815 4262 2054 4339 οὑτοσί,

842 4368 937 4433 δεῖ
979 4370 1038 4431 τ’
1086 4367 1225 4447 οὐχὶ
1276 4368 1495 4451 σειέιν,
1544 4370 1695 4432 ἀλλ’
1743 4368 2054 4432 ἀποσείειν
2099 4365 2398 4440 αὐτόθεν..
