<?xml version="1.0" encoding="UTF-8"?>
<!DOCTYPE html PUBLIC "-//W3C//DTD XHTML 1.0 Transitional//EN"
    "http://www.w3.org/TR/xhtml1/DTD/xhtml1-transitional.dtd">
<html xmlns="http://www.w3.org/1999/xhtml" xml:lang="en" lang="en">
 <head>
  <title>
</title>
<meta http-equiv="Content-Type" content="text/html;charset=utf-8" />
  <meta name='ocr-system' content='tesseract 3.04.00' />
  <meta name='ocr-capabilities' content='ocr_page ocr_carea ocr_par ocr_line ocrx_word'/>
</head>
<body>
  <div class='ocr_page' id='page_1' title='image "./mnemosynevolume01verdgoog_0481.png"; bbox 0 0 3369 5142; ppageno 0'>
   <div class='ocr_carea' id='block_1_1' title="bbox 1374 329 2750 401">
    <p class='ocr_par' dir='ltr' id='par_1_1' title="bbox 1374 329 2750 401">
     <span class='ocr_line' id='line_1_1' title="bbox 1374 329 2750 401; baseline -0.005 1"><span class='ocrx_word' id='word_1_1' title='bbox 1374 338 1754 401; x_wconf 75' lang='lat' dir='ltr'><strong>comcostm.</strong></span> <span class='ocrx_word' id='word_1_2' title='bbox 2626 329 2750 397; x_wconf 85' lang='lat'><strong>431</strong></span> 
     </span>
    </p>
   </div>
   <div class='ocr_carea' id='block_1_2' title="bbox 376 522 2756 1881">
    <p class='ocr_par' dir='ltr' id='par_1_2' title="bbox 376 522 2756 1881">
     <span class='ocr_line' id='line_1_2' title="bbox 732 522 2490 604; baseline -0.002 -15"><span class='ocrx_word' id='word_1_3' title='bbox 732 523 897 589; x_wconf 81' lang='grc' dir='ltr'><strong><em>Ἷσον</em></strong></span> <span class='ocrx_word' id='word_1_4' title='bbox 946 524 1003 587; x_wconf 73' lang='grc' dir='ltr'><strong>δ’</strong></span> <span class='ocrx_word' id='word_1_5' title='bbox 1052 526 1396 604; x_wconf 84' lang='grc' dir='ltr'><strong><em>Ἑρμιονεὺς</em></strong></span> <span class='ocrx_word' id='word_1_6' title='bbox 1444 526 1581 589; x_wconf 77' lang='grc' dir='ltr'><strong><em>ποσὶ</em></strong></span> <span class='ocrx_word' id='word_1_7' title='bbox 1635 522 2104 604; x_wconf 75' lang='grc' dir='ltr'><strong><em>κραιπαλίμοισι</em></strong></span> <span class='ocrx_word' id='word_1_8' title='bbox 2151 525 2490 600; x_wconf 83' lang='grc' dir='ltr'><strong><em>μετασπὼν</em></strong></span> 
     </span>
     <span class='ocr_line' id='line_1_3' title="bbox 751 630 1366 711; baseline 0.002 -17"><span class='ocrx_word' id='word_1_9' title='bbox 751 630 923 711; x_wconf 81' lang='grc' dir='ltr'><strong><em>ψύας</em></strong></span> <span class='ocrx_word' id='word_1_10' title='bbox 972 630 1165 711; x_wconf 73' lang='grc' dir='ltr'><strong><em>ἔγχεΐ</em></strong></span> <span class='ocrx_word' id='word_1_11' title='bbox 1209 631 1366 709; x_wconf 79' lang='grc' dir='ltr'><strong><em>νύξε.</em></strong></span> 
     </span>
     <span class='ocr_line' id='line_1_4' title="bbox 376 733 2756 824; baseline 0 -26"><span class='ocrx_word' id='word_1_12' title='bbox 376 733 621 799; x_wconf 89' lang='lat' dir='ltr'><strong>Verum</strong></span> <span class='ocrx_word' id='word_1_13' title='bbox 646 784 661 813; x_wconf 90' lang='lat'>‚</span> <span class='ocrx_word' id='word_1_14' title='bbox 729 738 1011 823; x_wconf 88' lang='lat' dir='ltr'><strong>inquies,</strong></span> <span class='ocrx_word' id='word_1_15' title='bbox 1084 740 1495 824; x_wconf 78' lang='lat' dir='ltr'><strong>quantumvis</strong></span> <span class='ocrx_word' id='word_1_16' title='bbox 1560 738 1742 803; x_wconf 87' lang='lat' dir='ltr'><strong>docte</strong></span> <span class='ocrx_word' id='word_1_17' title='bbox 1805 736 1957 803; x_wconf 81' lang='lat' dir='ltr'><strong>haec</strong></span> <span class='ocrx_word' id='word_1_18' title='bbox 2023 737 2346 821; x_wconf 80' lang='lat' dir='ltr'><strong>disputata</strong></span> <span class='ocrx_word' id='word_1_19' title='bbox 2391 737 2551 810; x_wconf 88' lang='lat' dir='ltr'><strong>sint,</strong></span> <span class='ocrx_word' id='word_1_20' title='bbox 2603 736 2756 820; x_wconf 87' lang='lat' dir='ltr'><strong>quid</strong></span> 
     </span>
     <span class='ocr_line' id='line_1_5' title="bbox 378 840 2753 929; baseline 0 -25"><span class='ocrx_word' id='word_1_21' title='bbox 378 840 656 926; x_wconf 85' lang='lat' dir='ltr'><strong>undique</strong></span> <span class='ocrx_word' id='word_1_22' title='bbox 718 864 961 909; x_wconf 78' lang='lat' dir='ltr'><strong>corrasa</strong></span> <span class='ocrx_word' id='word_1_23' title='bbox 1007 850 1069 908; x_wconf 87' lang='lat' dir='ltr'><strong>et</strong></span> <span class='ocrx_word' id='word_1_24' title='bbox 1115 847 1565 929; x_wconf 84' lang='lat' dir='ltr'><strong>intempestiva</strong></span> <span class='ocrx_word' id='word_1_25' title='bbox 1611 844 1893 908; x_wconf 82' lang='lat' dir='ltr'><strong>doctrina</strong></span> <span class='ocrx_word' id='word_1_26' title='bbox 1941 843 2020 908; x_wconf 77' lang='lat' dir='ltr'><strong>ad</strong></span> <span class='ocrx_word' id='word_1_27' title='bbox 2069 842 2468 927; x_wconf 83' lang='lat' dir='ltr'><strong>Euphronem</strong></span> <span class='ocrx_word' id='word_1_28' title='bbox 2489 890 2504 919; x_wconf 90' lang='lat'><strong>‚</strong></span> <span class='ocrx_word' id='word_1_29' title='bbox 2553 862 2753 925; x_wconf 91' lang='lat' dir='ltr'><strong>quum</strong></span> 
     </span>
     <span class='ocr_line' id='line_1_6' title="bbox 378 948 2753 1035; baseline 0 -24"><span class='ocrx_word' id='word_1_30' title='bbox 378 948 784 1035; x_wconf 79' lang='lat' dir='ltr'><strong>Phrynichus</strong></span> <span class='ocrx_word' id='word_1_31' title='bbox 846 950 1077 1016; x_wconf 77' lang='lat' dir='ltr'><strong>diserte</strong></span> <span class='ocrx_word' id='word_1_32' title='bbox 1132 952 1385 1028; x_wconf 80' lang='lat' dir='ltr'><strong>doceat,</strong></span> <span class='ocrx_word' id='word_1_33' title='bbox 1448 948 1610 1030; x_wconf 79' lang='grc' dir='ltr'><strong><em>ψόας</em></strong></span> <span class='ocrx_word' id='word_1_34' title='bbox 1660 971 1890 1015; x_wconf 90' lang='lat' dir='ltr'><strong>nomen</strong></span> <span class='ocrx_word' id='word_1_35' title='bbox 1939 950 2016 1014; x_wconf 81' lang='lat' dir='ltr'><strong>ab</strong></span> <span class='ocrx_word' id='word_1_36' title='bbox 2064 950 2298 1014; x_wconf 87' lang='lat' dir='ltr'><strong>Atticis</strong></span> <span class='ocrx_word' id='word_1_37' title='bbox 2343 949 2753 1033; x_wconf 78' lang='lat' dir='ltr'><strong>scriptoribus</strong></span> 
     </span>
     <span class='ocr_line' id='line_1_7' title="bbox 376 1054 2753 1143; baseline -0.001 -24"><span class='ocrx_word' id='word_1_38' title='bbox 376 1076 497 1121; x_wconf 93' lang='lat' dir='ltr'><strong>non</strong></span> <span class='ocrx_word' id='word_1_39' title='bbox 568 1054 907 1142; x_wconf 79' lang='lat' dir='ltr'><strong>usurpari?</strong></span> <span class='ocrx_word' id='word_1_40' title='bbox 975 1057 1145 1123; x_wconf 86' lang='lat' dir='ltr'>Bene</span> <span class='ocrx_word' id='word_1_41' title='bbox 1208 1058 1449 1123; x_wconf 81' lang='lat' dir='ltr'><strong>factum</strong></span> <span class='ocrx_word' id='word_1_42' title='bbox 1515 1056 1679 1142; x_wconf 91' lang='lat' dir='ltr'><strong>quod</strong></span> <span class='ocrx_word' id='word_1_43' title='bbox 1737 1060 1803 1121; x_wconf 88' lang='lat' dir='ltr'><strong>in</strong></span> <span class='ocrx_word' id='word_1_44' title='bbox 1866 1058 2266 1143; x_wconf 82' lang='lat' dir='ltr'><strong>paucissimis</strong></span> <span class='ocrx_word' id='word_1_45' title='bbox 2323 1056 2500 1119; x_wconf 71' lang='lat' dir='ltr'><strong>huius</strong></span> <span class='ocrx_word' id='word_1_46' title='bbox 2561 1056 2753 1138; x_wconf 71' lang='lat' dir='ltr'><strong>ipsius</strong></span> 
     </span>
     <span class='ocr_line' id='line_1_8' title="bbox 378 1161 2755 1250; baseline 0 -25"><span class='ocrx_word' id='word_1_47' title='bbox 378 1161 735 1247; x_wconf 81' lang='lat' dir='ltr'><strong>Euphronis</strong></span> <span class='ocrx_word' id='word_1_48' title='bbox 774 1163 1150 1250; x_wconf 81' lang='lat' dir='ltr'><strong>fragmentis</strong></span> <span class='ocrx_word' id='word_1_49' title='bbox 1188 1184 1349 1249; x_wconf 79' lang='lat' dir='ltr'><strong>quae</strong></span> <span class='ocrx_word' id='word_1_50' title='bbox 1384 1170 1744 1249; x_wconf 81' lang='lat' dir='ltr'><strong>supersunt,</strong></span> <span class='ocrx_word' id='word_1_51' title='bbox 1791 1162 1950 1227; x_wconf 83' lang='lat' dir='ltr'><strong>fflud</strong></span> <span class='ocrx_word' id='word_1_52' title='bbox 2003 1166 2198 1227; x_wconf 81' lang='lat' dir='ltr'><strong>etiam</strong></span> <span class='ocrx_word' id='word_1_53' title='bbox 2243 1162 2585 1240; x_wconf 80' lang='lat' dir='ltr'><strong>habe-mus,</strong></span> <span class='ocrx_word' id='word_1_54' title='bbox 2632 1180 2755 1245; x_wconf 89' lang='lat' dir='ltr'><strong>quo</strong></span> 
     </span>
     <span class='ocr_line' id='line_1_9' title="bbox 376 1268 1283 1335; baseline -0.001 -1"><span class='ocrx_word' id='word_1_55' title='bbox 376 1290 475 1334; x_wconf 85' lang='lat' dir='ltr'><strong>res</strong></span> <span class='ocrx_word' id='word_1_56' title='bbox 519 1271 645 1333; x_wconf 86' lang='lat' dir='ltr'><strong>nisi</strong></span> <span class='ocrx_word' id='word_1_57' title='bbox 696 1268 884 1334; x_wconf 79' lang='lat' dir='ltr'><strong>fallor</strong></span> <span class='ocrx_word' id='word_1_58' title='bbox 927 1268 1283 1335; x_wconf 89' lang='lat' dir='ltr'><strong>conficitur:</strong></span> 
     </span>
     <span class='ocr_line' id='line_1_10' title="bbox 922 1374 2238 1457; baseline 0 -16"><span class='ocrx_word' id='word_1_59' title='bbox 922 1376 1106 1455; x_wconf 83' lang='grc' dir='ltr'><strong><em>λοβός</em></strong></span> <span class='ocrx_word' id='word_1_60' title='bbox 1156 1378 1250 1449; x_wconf 80' lang='grc' dir='ltr'><strong>τίς</strong></span> <span class='ocrx_word' id='word_1_61' title='bbox 1299 1380 1390 1445; x_wconf 80' lang='grc' dir='ltr'><strong><em>ε’ςι</em></strong></span> <span class='ocrx_word' id='word_1_62' title='bbox 1438 1379 1541 1441; x_wconf 82' lang='grc' dir='ltr'><strong><em>καὶ</em></strong></span> <span class='ocrx_word' id='word_1_63' title='bbox 1590 1374 1786 1457; x_wconf 80' lang='grc' dir='ltr'><strong><em>ψόαι</em></strong></span> <span class='ocrx_word' id='word_1_64' title='bbox 1839 1376 2238 1454; x_wconf 72' lang='grc' dir='ltr'><strong><em>καλούμεναι.</em></strong></span> 
     </span>
     <span class='ocr_line' id='line_1_11' title="bbox 382 1482 1885 1567; baseline 0.001 -22"><span class='ocrx_word' id='word_1_65' title='bbox 382 1482 594 1567; x_wconf 84' lang='lat' dir='ltr'><strong>Atque</strong></span> <span class='ocrx_word' id='word_1_66' title='bbox 642 1482 862 1548; x_wconf 90' lang='lat' dir='ltr'><strong>eodem</strong></span> <span class='ocrx_word' id='word_1_67' title='bbox 910 1484 1099 1548; x_wconf 88' lang='lat' dir='ltr'><strong>modo</strong></span> <span class='ocrx_word' id='word_1_68' title='bbox 1144 1483 1237 1547; x_wconf 88' lang='lat' dir='ltr'><strong>ibi</strong></span> <span class='ocrx_word' id='word_1_69' title='bbox 1282 1502 1530 1567; x_wconf 90' lang='lat' dir='ltr'><strong>quoque</strong></span> <span class='ocrx_word' id='word_1_70' title='bbox 1577 1483 1885 1547; x_wconf 82' lang='lat' dir='ltr'><strong>scribam:</strong></span> 
     </span>
     <span class='ocr_line' id='line_1_12' title="bbox 830 1588 2381 1670; baseline 0.001 -17"><span class='ocrx_word' id='word_1_71' title='bbox 830 1590 1037 1659; x_wconf 72' lang='grc' dir='ltr'><strong><em>καθεὶς</em></strong></span> <span class='ocrx_word' id='word_1_72' title='bbox 1084 1589 1254 1655; x_wconf 75' lang='grc' dir='ltr'><strong><em>κοέτω</em></strong></span> <span class='ocrx_word' id='word_1_73' title='bbox 1304 1591 1413 1663; x_wconf 69' lang='grc' dir='ltr'><strong><em>τὴν</em></strong></span> <span class='ocrx_word' id='word_1_74' title='bbox 1456 1598 1645 1670; x_wconf 83' lang='grc' dir='ltr'><strong><em>χεῖρα</em></strong></span> <span class='ocrx_word' id='word_1_75' title='bbox 1700 1591 1807 1664; x_wconf 67' lang='grc' dir='ltr'><strong><em>τὴν</em></strong></span> <span class='ocrx_word' id='word_1_76' title='bbox 1853 1588 2059 1668; x_wconf 81' lang='grc' dir='ltr'><strong><em>ψόαν</em></strong></span> <span class='ocrx_word' id='word_1_77' title='bbox 2107 1590 2381 1668; x_wconf 77' lang='grc' dir='ltr'><strong><em>λαβών</em></strong></span> 
     </span>
     <span class='ocr_line' id='line_1_13' title="bbox 832 1695 2347 1777; baseline 0.001 -18"><span class='ocrx_word' id='word_1_78' title='bbox 832 1695 1079 1775; x_wconf 79' lang='grc' dir='ltr'><strong><em>ἔρριψας</em></strong></span> <span class='ocrx_word' id='word_1_79' title='bbox 1126 1698 1209 1768; x_wconf 79' lang='grc' dir='ltr'><strong>εἷς</strong></span> <span class='ocrx_word' id='word_1_80' title='bbox 1259 1695 1362 1760; x_wconf 82' lang='grc' dir='ltr'><strong><em>τὸν</em></strong></span> <span class='ocrx_word' id='word_1_81' title='bbox 1408 1695 1637 1759; x_wconf 71' lang='grc' dir='ltr'><strong><em>λάκκον</em></strong></span> <span class='ocrx_word' id='word_1_82' title='bbox 1683 1698 1920 1773; x_wconf 77' lang='grc' dir='ltr'><strong><em>ἰταμῶς</em></strong></span> <span class='ocrx_word' id='word_1_83' title='bbox 1967 1696 2071 1760; x_wconf 84' lang='grc' dir='ltr'><strong><em>τὸν</em></strong></span> <span class='ocrx_word' id='word_1_84' title='bbox 2115 1696 2347 1777; x_wconf 81' lang='grc' dir='ltr'><strong><em>νεφρόν.</em></strong></span> 
     </span>
     <span class='ocr_line' id='line_1_14' title="bbox 382 1800 2683 1881; baseline 0.001 -16"><span class='ocrx_word' id='word_1_85' title='bbox 382 1800 519 1865; x_wconf 82' lang='lat' dir='ltr'><strong>Aut</strong></span> <span class='ocrx_word' id='word_1_86' title='bbox 564 1800 683 1865; x_wconf 91' lang='lat' dir='ltr'><strong>hoc</strong></span> <span class='ocrx_word' id='word_1_87' title='bbox 732 1808 979 1869; x_wconf 87' lang='lat' dir='ltr'><strong>certum</strong></span> <span class='ocrx_word' id='word_1_88' title='bbox 1030 1808 1157 1881; x_wconf 86' lang='lat' dir='ltr'><strong>est,</strong></span> <span class='ocrx_word' id='word_1_89' title='bbox 1205 1808 1317 1868; x_wconf 78' lang='lat' dir='ltr'><strong>aut</strong></span> <span class='ocrx_word' id='word_1_90' title='bbox 1362 1801 1526 1867; x_wconf 88' lang='lat' dir='ltr'><strong>nihil</strong></span> <span class='ocrx_word' id='word_1_91' title='bbox 1572 1805 1637 1866; x_wconf 92' lang='lat' dir='ltr'><strong>in</strong></span> <span class='ocrx_word' id='word_1_92' title='bbox 1688 1823 1755 1867; x_wconf 89' lang='lat' dir='ltr'><strong>re</strong></span> <span class='ocrx_word' id='word_1_93' title='bbox 1802 1806 2022 1868; x_wconf 80' lang='lat' dir='ltr'><strong>critica</strong></span> <span class='ocrx_word' id='word_1_94' title='bbox 2069 1806 2228 1867; x_wconf 83' lang='lat' dir='ltr'><strong>satis</strong></span> <span class='ocrx_word' id='word_1_95' title='bbox 2275 1806 2521 1868; x_wconf 88' lang='lat' dir='ltr'><strong>certum</strong></span> <span class='ocrx_word' id='word_1_96' title='bbox 2569 1808 2683 1869; x_wconf 86' lang='lat' dir='ltr'><strong>est.</strong></span> 
     </span>
    </p>
   </div>
   <div class='ocr_carea' id='block_1_3' title="bbox 382 2010 2761 3701">
    <p class='ocr_par' dir='ltr' id='par_1_3' title="bbox 382 2010 2761 3701">
     <span class='ocr_line' id='line_1_15' title="bbox 471 2010 2198 2102; baseline 0.003 -27"><span class='ocrx_word' id='word_1_97' title='bbox 471 2010 773 2077; x_wconf 87' lang='lat' dir='ltr'><strong>Eiusdem</strong></span> <span class='ocrx_word' id='word_1_98' title='bbox 824 2012 1182 2099; x_wconf 80' lang='lat' dir='ltr'><strong>Euphronis</strong></span> <span class='ocrx_word' id='word_1_99' title='bbox 1229 2014 1396 2098; x_wconf 89' lang='lat' dir='ltr'><strong>quod</strong></span> <span class='ocrx_word' id='word_1_100' title='bbox 1439 2014 1681 2102; x_wconf 84' lang='lat' dir='ltr'><strong>legitur</strong></span> <span class='ocrx_word' id='word_1_101' title='bbox 1728 2036 1793 2101; x_wconf 89' lang='lat' dir='ltr'><strong>p.</strong></span> <span class='ocrx_word' id='word_1_102' title='bbox 1849 2012 1980 2079; x_wconf 80' lang='lat'><strong>492</strong></span> <span class='ocrx_word' id='word_1_103' title='bbox 2026 2014 2198 2080; x_wconf 80' lang='lat' dir='ltr'><strong>Mk.:</strong></span> 
     </span>
     <span class='ocr_line' id='line_1_16' title="bbox 744 2117 2391 2201; baseline 0.002 -18"><span class='ocrx_word' id='word_1_104' title='bbox 744 2117 852 2183; x_wconf 77' lang='grc' dir='ltr'><strong>ἴτω</strong></span> <span class='ocrx_word' id='word_1_105' title='bbox 900 2120 1043 2201; x_wconf 84' lang='grc' dir='ltr'><strong><em>πρὸς</em></strong></span> <span class='ocrx_word' id='word_1_106' title='bbox 1094 2122 1261 2197; x_wconf 73' lang='grc' dir='ltr'><strong><em>ἡμᾶς</em></strong></span> <span class='ocrx_word' id='word_1_107' title='bbox 1312 2122 1417 2185; x_wconf 79' lang='grc' dir='ltr'><strong><em>καὶ</em></strong></span> <span class='ocrx_word' id='word_1_108' title='bbox 1466 2121 1625 2201; x_wconf 70' lang='grc' dir='ltr'><strong><em>τάχ’</em></strong></span> <span class='ocrx_word' id='word_1_109' title='bbox 1676 2122 1839 2185; x_wconf 77' lang='grc' dir='ltr'><strong><em>οὐδὲν</em></strong></span> <span class='ocrx_word' id='word_1_110' title='bbox 1885 2120 2391 2199; x_wconf 72' lang='grc' dir='ltr'><strong><em>μεταλάβοι.</em></strong></span> 
     </span>
     <span class='ocr_line' id='line_1_17' title="bbox 382 2226 2750 2315; baseline 0.003 -27"><span class='ocrx_word' id='word_1_111' title='bbox 382 2226 667 2309; x_wconf 86' lang='lat' dir='ltr'><strong>requiro:</strong></span> <span class='ocrx_word' id='word_1_112' title='bbox 717 2226 881 2291; x_wconf 74' lang='grc' dir='ltr'><strong><em>οὐδὲν</em></strong></span> <span class='ocrx_word' id='word_1_113' title='bbox 927 2226 1016 2293; x_wconf 70' lang='grc' dir='ltr'><strong><em>ἂν</em></strong></span> <span class='ocrx_word' id='word_1_114' title='bbox 1064 2226 1337 2305; x_wconf 70' lang='grc' dir='ltr'><strong><em>λάβοι.</em></strong></span> <span class='ocrx_word' id='word_1_115' title='bbox 1386 2226 1768 2314; x_wconf 89' lang='lat' dir='ltr'><strong>Posidippus</strong></span> <span class='ocrx_word' id='word_1_116' title='bbox 1809 2230 1913 2295; x_wconf 83' lang='lat' dir='ltr'><strong>vix</strong></span> <span class='ocrx_word' id='word_1_117' title='bbox 1954 2228 2223 2293; x_wconf 87' lang='lat' dir='ltr'><strong>scribere</strong></span> <span class='ocrx_word' id='word_1_118' title='bbox 2248 2231 2460 2313; x_wconf 85' lang='lat' dir='ltr'><strong>potuit</strong></span> <span class='ocrx_word' id='word_1_119' title='bbox 2497 2252 2559 2315; x_wconf 90' lang='lat' dir='ltr'><strong>p.</strong></span> <span class='ocrx_word' id='word_1_120' title='bbox 2591 2229 2750 2296; x_wconf 84' lang='lat'>519:</span> 
     </span>
     <span class='ocr_line' id='line_1_18' title="bbox 814 2331 2416 2413; baseline -0.001 -14"><span class='ocrx_word' id='word_1_121' title='bbox 814 2331 961 2399; x_wconf 79' lang='grc' dir='ltr'><strong><em>οὕτω</em></strong></span> <span class='ocrx_word' id='word_1_122' title='bbox 1012 2359 1069 2400; x_wconf 87' lang='grc' dir='ltr'><strong>τι</strong></span> <span class='ocrx_word' id='word_1_123' title='bbox 1120 2334 1537 2399; x_wconf 75' lang='grc' dir='ltr'><strong>πολύπουν</strong></span> <span class='ocrx_word' id='word_1_124' title='bbox 1585 2335 1710 2403; x_wconf 72' lang='grc' dir='ltr'><strong><em>ἕςῖν</em></strong></span> <span class='ocrx_word' id='word_1_125' title='bbox 1766 2337 1798 2410; x_wconf 78' lang='grc' dir='ltr'><strong><em>ἧ</em></strong></span> <span class='ocrx_word' id='word_1_126' title='bbox 1847 2336 2014 2408; x_wconf 76' lang='grc' dir='ltr'><strong><em>λύπη</em></strong></span> <span class='ocrx_word' id='word_1_127' title='bbox 2065 2335 2290 2413; x_wconf 73' lang='grc' dir='ltr'><strong><em>κακόν,</em></strong></span> <span class='ocrx_word' id='word_1_128' title='bbox 2403 2364 2416 2373; x_wconf 93' lang='grc'>-</span> 
     </span>
     <span class='ocr_line' id='line_1_19' title="bbox 383 2440 2754 2523; baseline 0.003 -21"><span class='ocrx_word' id='word_1_129' title='bbox 383 2458 496 2523; x_wconf 88' lang='lat' dir='ltr'><strong>pro</strong></span> <span class='ocrx_word' id='word_1_130' title='bbox 544 2440 774 2503; x_wconf 79' lang='grc' dir='ltr'><strong><em>ποικΙ</em></strong></span> <span class='ocrx_word' id='word_1_131' title='bbox 786 2456 935 2505; x_wconf 84' lang='grc' dir='ltr'><strong><em>λον.</em></strong></span> <span class='ocrx_word' id='word_1_132' title='bbox 1002 2440 1248 2507; x_wconf 84' lang='lat' dir='ltr'><strong>Deinde</strong></span> <span class='ocrx_word' id='word_1_133' title='bbox 1296 2440 1471 2505; x_wconf 81' lang='lat' dir='ltr'><strong>affert</strong></span> <span class='ocrx_word' id='word_1_134' title='bbox 1516 2440 1881 2505; x_wconf 87' lang='lat' dir='ltr'><strong>Meinekius</strong></span> <span class='ocrx_word' id='word_1_135' title='bbox 1928 2461 1962 2506; x_wconf 90' lang='lat' dir='ltr'><strong>e</strong></span> <span class='ocrx_word' id='word_1_136' title='bbox 2007 2446 2184 2507; x_wconf 84' lang='lat' dir='ltr'><strong>sexto</strong></span> <span class='ocrx_word' id='word_1_137' title='bbox 2231 2441 2508 2507; x_wconf 84' lang='lat' dir='ltr'><strong>Bekkeri</strong></span> <span class='ocrx_word' id='word_1_138' title='bbox 2553 2442 2754 2509; x_wconf 82' lang='lat' dir='ltr'><strong>lexico</strong></span> 
     </span>
     <span class='ocr_line' id='line_1_20' title="bbox 384 2544 2756 2631; baseline 0.003 -21"><span class='ocrx_word' id='word_1_139' title='bbox 384 2567 446 2631; x_wconf 91' lang='lat' dir='ltr'><strong>p.</strong></span> <span class='ocrx_word' id='word_1_140' title='bbox 515 2544 665 2611; x_wconf 83' lang='lat'><strong>462.</strong></span> <span class='ocrx_word' id='word_1_141' title='bbox 738 2546 858 2612; x_wconf 82' lang='lat'><strong>25:</strong></span> <span class='ocrx_word' id='word_1_142' title='bbox 946 2547 1208 2627; x_wconf 72' lang='grc' dir='ltr'><strong><em>λέγεται</em></strong></span> <span class='ocrx_word' id='word_1_143' title='bbox 1279 2548 1340 2612; x_wconf 77' lang='grc' dir='ltr'><strong>δὲ</strong></span> <span class='ocrx_word' id='word_1_144' title='bbox 1410 2544 1744 2616; x_wconf 70' lang='grc' dir='ltr'><strong><em>αὐθέκαςα</em></strong></span> <span class='ocrx_word' id='word_1_145' title='bbox 1817 2548 1920 2613; x_wconf 75' lang='grc' dir='ltr'><strong><em>καὶ</em></strong></span> <span class='ocrx_word' id='word_1_146' title='bbox 1991 2548 2078 2614; x_wconf 69' lang='grc' dir='ltr'><strong>τὰ</strong></span> <span class='ocrx_word' id='word_1_147' title='bbox 2147 2550 2580 2628; x_wconf 81' lang='grc' dir='ltr'><strong><em>αὐτόματα</em></strong></span> <span class='ocrx_word' id='word_1_148' title='bbox 2651 2555 2756 2617; x_wconf 79' lang='grc' dir='ltr'><strong><em>καὶ</em></strong></span> 
     </span>
     <span class='ocr_line' id='line_1_21' title="bbox 387 2652 2758 2737; baseline 0.003 -20"><span class='ocrx_word' id='word_1_149' title='bbox 387 2656 645 2732; x_wconf 64' lang='grc' dir='ltr'><strong><em>σκληρά.</em></strong></span> <span class='ocrx_word' id='word_1_150' title='bbox 707 2654 1051 2734; x_wconf 78' lang='grc' dir='ltr'><strong><em>Μένανδρός</em></strong></span> <span class='ocrx_word' id='word_1_151' title='bbox 1116 2663 1307 2734; x_wconf 75' lang='grc' dir='ltr'><strong><em>φησι·</em></strong></span> <span class='ocrx_word' id='word_1_152' title='bbox 1376 2659 1584 2735; x_wconf 87' lang='grc' dir='ltr'><strong><em>πικροῦ</em></strong></span> <span class='ocrx_word' id='word_1_153' title='bbox 1648 2655 1923 2734; x_wconf 69' lang='grc' dir='ltr'><strong><em>γέροντος</em></strong></span> <span class='ocrx_word' id='word_1_154' title='bbox 1973 2652 2330 2723; x_wconf 70' lang='grc' dir='ltr'><strong><em>αὐθεκάςου</em></strong></span> <span class='ocrx_word' id='word_1_155' title='bbox 2376 2657 2481 2720; x_wconf 83' lang='grc' dir='ltr'><strong><em>τὸν</em></strong></span> <span class='ocrx_word' id='word_1_156' title='bbox 2519 2657 2758 2737; x_wconf 85' lang='grc' dir='ltr'><strong><em>τρόπον.</em></strong></span> 
     </span>
     <span class='ocr_line' id='line_1_22' title="bbox 388 2760 2756 2846; baseline 0.002 -21"><span class='ocrx_word' id='word_1_157' title='bbox 388 2760 562 2826; x_wconf 83' lang='lat' dir='ltr'><strong>Ferri</strong></span> <span class='ocrx_word' id='word_1_158' title='bbox 633 2779 757 2826; x_wconf 88' lang='lat' dir='ltr'><strong>non</strong></span> <span class='ocrx_word' id='word_1_159' title='bbox 826 2767 1034 2846; x_wconf 85' lang='lat' dir='ltr'><strong>potest</strong></span> <span class='ocrx_word' id='word_1_160' title='bbox 1104 2760 1445 2838; x_wconf 83' lang='grc' dir='ltr'><strong><em>αὐτόματα</em></strong></span> <span class='ocrx_word' id='word_1_161' title='bbox 1516 2766 1581 2826; x_wconf 90' lang='lat' dir='ltr'><strong>et</strong></span> <span class='ocrx_word' id='word_1_162' title='bbox 1640 2779 1766 2826; x_wconf 93' lang='lat' dir='ltr'><strong>non</strong></span> <span class='ocrx_word' id='word_1_163' title='bbox 1828 2760 2059 2825; x_wconf 87' lang='lat' dir='ltr'><strong>sufficit</strong></span> <span class='ocrx_word' id='word_1_164' title='bbox 2121 2761 2287 2846; x_wconf 90' lang='lat' dir='ltr'><strong>quod</strong></span> <span class='ocrx_word' id='word_1_165' title='bbox 2334 2761 2556 2827; x_wconf 83' lang='lat' dir='ltr'><strong>infelix</strong></span> <span class='ocrx_word' id='word_1_166' title='bbox 2601 2764 2756 2830; x_wconf 78' lang='lat' dir='ltr'><strong>hora</strong></span> 
     </span>
     <span class='ocr_line' id='line_1_23' title="bbox 387 2865 2761 2952; baseline 0.001 -20"><span class='ocrx_word' id='word_1_167' title='bbox 387 2865 713 2932; x_wconf 81' lang='lat' dir='ltr'><strong>Meinekio</strong></span> <span class='ocrx_word' id='word_1_168' title='bbox 778 2867 1211 2952; x_wconf 79' lang='lat' dir='ltr'><strong>suppeditavit</strong></span> <span class='ocrx_word' id='word_1_169' title='bbox 1274 2867 1591 2944; x_wconf 77' lang='grc' dir='ltr'><strong>αὐτόνομα</strong></span> <span class='ocrx_word' id='word_1_170' title='bbox 1652 2866 1752 2932; x_wconf 86' lang='lat' dir='ltr'><strong>ve]</strong></span> <span class='ocrx_word' id='word_1_171' title='bbox 1824 2869 2278 2945; x_wconf 68' lang='grc' dir='ltr'><strong><em>αὐτογνώμονα.</em></strong></span> <span class='ocrx_word' id='word_1_172' title='bbox 2376 2867 2494 2934; x_wconf 89' lang='lat' dir='ltr'><strong>Uti</strong></span> <span class='ocrx_word' id='word_1_173' title='bbox 2552 2869 2761 2936; x_wconf 80' lang='lat' dir='ltr'><strong>multa</strong></span> 
     </span>
     <span class='ocr_line' id='line_1_24' title="bbox 388 2971 2758 3063; baseline 0.003 -27"><span class='ocrx_word' id='word_1_174' title='bbox 388 2971 514 3037; x_wconf 76' lang='lat' dir='ltr'><strong>alia</strong></span> <span class='ocrx_word' id='word_1_175' title='bbox 558 2976 622 3037; x_wconf 90' lang='lat' dir='ltr'><strong>in</strong></span> <span class='ocrx_word' id='word_1_176' title='bbox 671 2975 790 3038; x_wconf 88' lang='lat' dir='ltr'><strong>hoc</strong></span> <span class='ocrx_word' id='word_1_177' title='bbox 834 2973 1113 3040; x_wconf 84' lang='lat' dir='ltr'><strong>Bekkeri</strong></span> <span class='ocrx_word' id='word_1_178' title='bbox 1156 2975 1397 3058; x_wconf 84' lang='lat' dir='ltr'><strong>lexicO,</strong></span> <span class='ocrx_word' id='word_1_179' title='bbox 1444 2975 1597 3039; x_wconf 87' lang='lat' dir='ltr'><strong>haec</strong></span> <span class='ocrx_word' id='word_1_180' title='bbox 1645 2993 1892 3058; x_wconf 91' lang='lat' dir='ltr'><strong>quoque</strong></span> <span class='ocrx_word' id='word_1_181' title='bbox 1937 2973 2256 3039; x_wconf 80' lang='lat' dir='ltr'><strong>adnotatio</strong></span> <span class='ocrx_word' id='word_1_182' title='bbox 2306 2996 2339 3039; x_wconf 87' lang='lat' dir='ltr'><strong>e</strong></span> <span class='ocrx_word' id='word_1_183' title='bbox 2392 2975 2758 3063; x_wconf 81' lang='lat' dir='ltr'><strong>Phrynicho</strong></span> 
     </span>
     <span class='ocr_line' id='line_1_25' title="bbox 386 3077 2758 3166; baseline 0.003 -24"><span class='ocrx_word' id='word_1_184' title='bbox 386 3077 610 3160; x_wconf 74' lang='lat' dir='ltr'><strong>fluxit,</strong></span> <span class='ocrx_word' id='word_1_185' title='bbox 681 3102 865 3166; x_wconf 88' lang='lat' dir='ltr'><strong>quem</strong></span> <span class='ocrx_word' id='word_1_186' title='bbox 932 3082 1079 3146; x_wconf 85' lang='lat' dir='ltr'><strong>vide</strong></span> <span class='ocrx_word' id='word_1_187' title='bbox 1140 3081 1313 3146; x_wconf 88' lang='lat' dir='ltr'><strong>idem</strong></span> <span class='ocrx_word' id='word_1_188' title='bbox 1376 3082 1504 3145; x_wconf 87' lang='lat' dir='ltr'><strong>fere</strong></span> <span class='ocrx_word' id='word_1_189' title='bbox 1560 3081 2050 3166; x_wconf 83' lang='lat' dir='ltr'><strong>praecipientem</strong></span> <span class='ocrx_word' id='word_1_190' title='bbox 2116 3102 2177 3166; x_wconf 92' lang='lat' dir='ltr'><strong>p.</strong></span> <span class='ocrx_word' id='word_1_191' title='bbox 2231 3081 2330 3145; x_wconf 85' lang='lat'><strong>17.</strong></span> <span class='ocrx_word' id='word_1_192' title='bbox 2385 3081 2494 3146; x_wconf 88' lang='grc'><strong>24.</strong></span> <span class='ocrx_word' id='word_1_193' title='bbox 2564 3083 2758 3148; x_wconf 83' lang='lat' dir='ltr'><strong>Estne</strong></span> 
     </span>
     <span class='ocr_line' id='line_1_26' title="bbox 389 3184 2757 3274; baseline 0.001 -24"><span class='ocrx_word' id='word_1_194' title='bbox 389 3194 601 3250; x_wconf 77' lang='lat' dir='ltr'><strong>autem</strong></span> <span class='ocrx_word' id='word_1_195' title='bbox 653 3187 1035 3274; x_wconf 75' lang='lat' dir='ltr'><strong>adJectivum</strong></span> <span class='ocrx_word' id='word_1_196' title='bbox 1090 3189 1253 3273; x_wconf 90' lang='lat' dir='ltr'><strong>quod</strong></span> <span class='ocrx_word' id='word_1_197' title='bbox 1304 3194 1558 3266; x_wconf 77' lang='grc' dir='ltr'><strong><em>σκληρὸν</em></strong></span> <span class='ocrx_word' id='word_1_198' title='bbox 1606 3184 1926 3272; x_wconf 82' lang='lat' dir='ltr'><strong>significat</strong></span> <span class='ocrx_word' id='word_1_199' title='bbox 1971 3191 2034 3251; x_wconf 89' lang='lat' dir='ltr'><strong>et</strong></span> <span class='ocrx_word' id='word_1_200' title='bbox 2073 3184 2260 3251; x_wconf 81' lang='lat' dir='ltr'><strong>facile</strong></span> <span class='ocrx_word' id='word_1_201' title='bbox 2293 3189 2362 3251; x_wconf 90' lang='lat' dir='ltr'><strong>in</strong></span> <span class='ocrx_word' id='word_1_202' title='bbox 2399 3188 2757 3266; x_wconf 82' lang='grc' dir='ltr'><strong><em>αὐτόματον</em></strong></span> 
     </span>
     <span class='ocr_line' id='line_1_27' title="bbox 386 3290 2755 3380; baseline 0.001 -22"><span class='ocrx_word' id='word_1_203' title='bbox 386 3295 598 3378; x_wconf 81' lang='lat' dir='ltr'><strong>potuit</strong></span> <span class='ocrx_word' id='word_1_204' title='bbox 669 3292 1043 3380; x_wconf 82' lang='lat' dir='ltr'><strong>depravari?</strong></span> <span class='ocrx_word' id='word_1_205' title='bbox 1112 3294 1263 3372; x_wconf 79' lang='lat' dir='ltr'><strong>Est,</strong></span> <span class='ocrx_word' id='word_1_206' title='bbox 1338 3297 1589 3379; x_wconf 87' lang='lat' dir='ltr'><strong>opinor:</strong></span> <span class='ocrx_word' id='word_1_207' title='bbox 1656 3293 1918 3369; x_wconf 71' lang='grc' dir='ltr'><strong><em>λέγεται</em></strong></span> <span class='ocrx_word' id='word_1_208' title='bbox 1982 3291 2044 3356; x_wconf 75' lang='grc' dir='ltr'><strong>δὲ</strong></span> <span class='ocrx_word' id='word_1_209' title='bbox 2109 3290 2442 3362; x_wconf 67' lang='grc' dir='ltr'><strong><em>αὐθέκαςα</em></strong></span> <span class='ocrx_word' id='word_1_210' title='bbox 2502 3296 2607 3360; x_wconf 77' lang='grc' dir='ltr'><strong>καὶ</strong></span> <span class='ocrx_word' id='word_1_211' title='bbox 2671 3297 2755 3360; x_wconf 82' lang='grc' dir='ltr'><strong>τοὶ</strong></span> 
     </span>
     <span class='ocr_line' id='line_1_28' title="bbox 385 3397 2760 3489; baseline 0.001 -26"><span class='ocrx_word' id='word_1_212' title='bbox 385 3399 821 3480; x_wconf 70' lang='grc' dir='ltr'><strong><em>ἀτέραμνα</em></strong></span> <span class='ocrx_word' id='word_1_213' title='bbox 867 3401 973 3466; x_wconf 81' lang='grc' dir='ltr'><strong>καὶ</strong></span> <span class='ocrx_word' id='word_1_214' title='bbox 1023 3399 1281 3480; x_wconf 75' lang='grc' dir='ltr'><strong><em>σκληροὶ.</em></strong></span> <span class='ocrx_word' id='word_1_215' title='bbox 1354 3397 1549 3464; x_wconf 86' lang='lat' dir='ltr'><strong>Docte</strong></span> <span class='ocrx_word' id='word_1_216' title='bbox 1600 3399 1676 3464; x_wconf 90' lang='lat' dir='ltr'><strong>de</strong></span> <span class='ocrx_word' id='word_1_217' title='bbox 1721 3397 1841 3463; x_wconf 89' lang='lat' dir='ltr'><strong>hoc</strong></span> <span class='ocrx_word' id='word_1_218' title='bbox 1887 3397 2196 3480; x_wconf 78' lang='lat' dir='ltr'><strong>adjectivo</strong></span> <span class='ocrx_word' id='word_1_219' title='bbox 2243 3403 2458 3465; x_wconf 80' lang='lat' dir='ltr'><strong>omnia</strong></span> <span class='ocrx_word' id='word_1_220' title='bbox 2503 3422 2760 3489; x_wconf 84' lang='lat' dir='ltr'><strong>conges-</strong></span> 
     </span>
     <span class='ocr_line' id='line_1_29' title="bbox 388 3505 2761 3597; baseline 0 -25"><span class='ocrx_word' id='word_1_221' title='bbox 388 3509 475 3572; x_wconf 91' lang='lat' dir='ltr'><strong>sit</strong></span> <span class='ocrx_word' id='word_1_222' title='bbox 520 3506 887 3574; x_wconf 86' lang='lat' dir='ltr'><strong>Ruhnkenii</strong></span> <span class='ocrx_word' id='word_1_223' title='bbox 936 3509 1275 3597; x_wconf 79' lang='lat' dir='ltr'><strong>diligentia</strong></span> <span class='ocrx_word' id='word_1_224' title='bbox 1321 3507 1395 3572; x_wconf 82' lang='lat' dir='ltr'><strong>ad</strong></span> <span class='ocrx_word' id='word_1_225' title='bbox 1438 3505 1774 3570; x_wconf 79' lang='lat' dir='ltr'><strong>Timaeum</strong></span> <span class='ocrx_word' id='word_1_226' title='bbox 1813 3523 1877 3589; x_wconf 82' lang='lat' dir='ltr'><strong>p.</strong></span> <span class='ocrx_word' id='word_1_227' title='bbox 1907 3505 2034 3568; x_wconf 85' lang='lat'><strong>156</strong></span> <span class='ocrx_word' id='word_1_228' title='bbox 2075 3505 2333 3590; x_wconf 89' lang='lat' dir='ltr'><strong>ipseque</strong></span> <span class='ocrx_word' id='word_1_229' title='bbox 2354 3505 2761 3593; x_wconf 84' lang='lat' dir='ltr'><strong>Phrynichus</strong></span> 
     </span>
     <span class='ocr_line' id='line_1_30' title="bbox 388 3609 2306 3701; baseline -0.001 -24"><span class='ocrx_word' id='word_1_230' title='bbox 388 3613 507 3678; x_wconf 87' lang='lat' dir='ltr'><strong>hoc</strong></span> <span class='ocrx_word' id='word_1_231' title='bbox 554 3613 938 3701; x_wconf 82' lang='lat' dir='ltr'><strong>adjectivum</strong></span> <span class='ocrx_word' id='word_1_232' title='bbox 988 3618 1439 3701; x_wconf 79' lang='lat' dir='ltr'><strong>interpretatus</strong></span> <span class='ocrx_word' id='word_1_233' title='bbox 1483 3613 1690 3676; x_wconf 80' lang='lat' dir='ltr'><strong>fuerat</strong></span> <span class='ocrx_word' id='word_1_234' title='bbox 1733 3631 1923 3696; x_wconf 80' lang='lat' dir='ltr'><strong>supra</strong></span> <span class='ocrx_word' id='word_1_235' title='bbox 1965 3631 2028 3697; x_wconf 91' lang='lat' dir='ltr'><strong>p.</strong></span> <span class='ocrx_word' id='word_1_236' title='bbox 2077 3609 2138 3676; x_wconf 83' lang='lat'><strong>8.</strong></span> <span class='ocrx_word' id='word_1_237' title='bbox 2198 3609 2306 3676; x_wconf 91' lang='grc'><strong>16.</strong></span> 
     </span>
    </p>
   </div>
   <div class='ocr_carea' id='block_1_4' title="bbox 389 3821 2774 4550">
    <p class='ocr_par' dir='ltr' id='par_1_4' title="bbox 389 3821 2766 4128">
     <span class='ocr_line' id='line_1_31' title="bbox 482 3821 2766 3914; baseline 0.001 -24"><span class='ocrx_word' id='word_1_238' title='bbox 482 3825 809 3892; x_wconf 82' lang='lat' dir='ltr'><strong>Parasitus</strong></span> <span class='ocrx_word' id='word_1_239' title='bbox 878 3829 1139 3914; x_wconf 81' lang='lat' dir='ltr'><strong>quidam</strong></span> <span class='ocrx_word' id='word_1_240' title='bbox 1212 3827 1375 3912; x_wconf 82' lang='lat' dir='ltr'><strong>apud</strong></span> <span class='ocrx_word' id='word_1_241' title='bbox 1442 3823 1766 3890; x_wconf 81' lang='lat' dir='ltr'><strong>Critonem</strong></span> <span class='ocrx_word' id='word_1_242' title='bbox 1827 3845 1888 3910; x_wconf 91' lang='lat' dir='ltr'><strong>p.</strong></span> <span class='ocrx_word' id='word_1_243' title='bbox 1939 3821 2068 3888; x_wconf 86' lang='lat'><strong>538</strong></span> <span class='ocrx_word' id='word_1_244' title='bbox 2125 3826 2192 3889; x_wconf 91' lang='lat' dir='ltr'><strong>in</strong></span> <span class='ocrx_word' id='word_1_245' title='bbox 2239 3823 2514 3891; x_wconf 81' lang='lat' dir='ltr'><strong>insulam</strong></span> <span class='ocrx_word' id='word_1_246' title='bbox 2561 3823 2766 3892; x_wconf 89' lang='lat' dir='ltr'><strong>Delon</strong></span> 
     </span>
     <span class='ocr_line' id='line_1_32' title="bbox 389 3931 2765 4022; baseline 0 -24"><span class='ocrx_word' id='word_1_247' title='bbox 389 3933 844 4022; x_wconf 84' lang='lat' dir='ltr'><strong>proficiscitur,</strong></span> <span class='ocrx_word' id='word_1_248' title='bbox 914 3954 1062 3999; x_wconf 83' lang='lat' dir='ltr'><strong>nam</strong></span> <span class='ocrx_word' id='word_1_249' title='bbox 1127 3935 1403 3999; x_wconf 89' lang='lat' dir='ltr'><strong>creditur</strong></span> <span class='ocrx_word' id='word_1_250' title='bbox 1466 3933 1620 3998; x_wconf 76' lang='lat' dir='ltr'><strong>haec</strong></span> <span class='ocrx_word' id='word_1_251' title='bbox 1683 3938 1850 3996; x_wconf 81' lang='lat' dir='ltr'><strong>terra</strong></span> <span class='ocrx_word' id='word_1_252' title='bbox 1915 3933 2038 3996; x_wconf 83' lang='lat' dir='ltr'><strong>tria</strong></span> <span class='ocrx_word' id='word_1_253' title='bbox 2095 3931 2325 3997; x_wconf 78' lang='lat' dir='ltr'><strong>habere</strong></span> <span class='ocrx_word' id='word_1_254' title='bbox 2371 3933 2532 3998; x_wconf 83' lang='lat' dir='ltr'><strong>bona</strong></span> <span class='ocrx_word' id='word_1_255' title='bbox 2577 3931 2765 4018; x_wconf 79' lang='lat' dir='ltr'><strong>plane</strong></span> 
     </span>
     <span class='ocr_line' id='line_1_33' title="bbox 390 4042 772 4128; baseline -0.003 -23"><span class='ocrx_word' id='word_1_256' title='bbox 390 4042 772 4128; x_wconf 80' lang='lat' dir='ltr'><strong>singularia:</strong></span> 
     </span>
    </p>

    <p class='ocr_par' dir='ltr' id='par_1_5' title="bbox 666 4143 2444 4229">
     <span class='ocr_line' id='line_1_34' title="bbox 666 4143 2444 4229; baseline -0.003 -17"><span class='ocrx_word' id='word_1_257' title='bbox 666 4147 884 4229; x_wconf 79' lang='grc' dir='ltr'><strong><em>εὔοψον</em></strong></span> <span class='ocrx_word' id='word_1_258' title='bbox 932 4147 1203 4228; x_wconf 69' lang='grc' dir='ltr'><strong><em>ἀγοράν,</em></strong></span> <span class='ocrx_word' id='word_1_259' title='bbox 1255 4144 1785 4210; x_wconf 77' lang='grc' dir='ltr'><strong><em>παντοδαπὸν</em></strong></span> <span class='ocrx_word' id='word_1_260' title='bbox 1834 4145 2172 4209; x_wconf 78' lang='grc' dir='ltr'><strong><em>οἰκοῦντ’</em></strong></span> <span class='ocrx_word' id='word_1_261' title='bbox 2219 4143 2444 4226; x_wconf 77' lang='grc' dir='ltr'><strong><em>ὄχλον,</em></strong></span> 
     </span>
    </p>

    <p class='ocr_par' dir='ltr' id='par_1_6' title="bbox 395 4251 2774 4550">
     <span class='ocr_line' id='line_1_35' title="bbox 664 4251 2164 4332; baseline -0.002 -14"><span class='ocrx_word' id='word_1_262' title='bbox 664 4255 886 4320; x_wconf 68' lang='grc' dir='ltr'><strong><em>αὐτοὺς</em></strong></span> <span class='ocrx_word' id='word_1_263' title='bbox 939 4255 1311 4332; x_wconf 76' lang='grc' dir='ltr'><strong><em>παρασίτους</em></strong></span> <span class='ocrx_word' id='word_1_264' title='bbox 1359 4259 1463 4317; x_wconf 86' lang='grc' dir='ltr'><strong>τοῦ</strong></span> <span class='ocrx_word' id='word_1_265' title='bbox 1512 4255 1643 4316; x_wconf 78' lang='grc' dir='ltr'><strong><em>θεοῦ</em></strong></span> <span class='ocrx_word' id='word_1_266' title='bbox 1692 4251 1832 4324; x_wconf 80' lang='grc' dir='ltr'><strong><em>τοὺς</em></strong></span> <span class='ocrx_word' id='word_1_267' title='bbox 1879 4253 2164 4325; x_wconf 73' lang='grc' dir='ltr'><strong><em>Δηλίους.</em></strong></span> 
     </span>
     <span class='ocr_line' id='line_1_36' title="bbox 396 4359 2768 4444; baseline -0.002 -20"><span class='ocrx_word' id='word_1_268' title='bbox 396 4359 539 4425; x_wconf 91' lang='lat' dir='ltr'><strong>Non</strong></span> <span class='ocrx_word' id='word_1_269' title='bbox 584 4366 678 4426; x_wconf 86' lang='lat' dir='ltr'><strong>est</strong></span> <span class='ocrx_word' id='word_1_270' title='bbox 722 4361 876 4426; x_wconf 82' lang='lat' dir='ltr'><strong>haec</strong></span> <span class='ocrx_word' id='word_1_271' title='bbox 921 4361 1113 4426; x_wconf 87' lang='lat' dir='ltr'><strong>lectio</strong></span> <span class='ocrx_word' id='word_1_272' title='bbox 1152 4359 1377 4425; x_wconf 85' lang='lat' dir='ltr'><strong>Veneti</strong></span> <span class='ocrx_word' id='word_1_273' title='bbox 1418 4359 1668 4424; x_wconf 84' lang='lat' dir='ltr'><strong>Codicis</strong></span> <span class='ocrx_word' id='word_1_274' title='bbox 1707 4361 1774 4422; x_wconf 91' lang='lat' dir='ltr'><strong>in</strong></span> <span class='ocrx_word' id='word_1_275' title='bbox 1817 4378 1940 4444; x_wconf 90' lang='lat' dir='ltr'><strong>quo</strong></span> <span class='ocrx_word' id='word_1_276' title='bbox 1963 4359 2318 4424; x_wconf 80' lang='lat' dir='ltr'><strong>invenitur:</strong></span> <span class='ocrx_word' id='word_1_277' title='bbox 2357 4359 2768 4422; x_wconf 71' lang='grc' dir='ltr'><strong><em>παντοδαπᾶν</em></strong></span> 
     </span>
     <span class='ocr_line' id='line_1_37' title="bbox 395 4463 2774 4550; baseline -0 -18"><span class='ocrx_word' id='word_1_278' title='bbox 395 4469 663 4532; x_wconf 64' lang='grc' dir='ltr'><strong><em>οὖκοῦντ·</em></strong></span> <span class='ocrx_word' id='word_1_279' title='bbox 712 4465 917 4547; x_wconf 74' lang='grc' dir='ltr'><strong><em>ὄχλον.</em></strong></span> <span class='ocrx_word' id='word_1_280' title='bbox 1016 4465 1291 4533; x_wconf 82' lang='lat' dir='ltr'><strong>Coniicit</strong></span> <span class='ocrx_word' id='word_1_281' title='bbox 1340 4465 1738 4530; x_wconf 81' lang='lat' dir='ltr'><strong>Meinekius:</strong></span> <span class='ocrx_word' id='word_1_282' title='bbox 1789 4465 2150 4528; x_wconf 82' lang='grc' dir='ltr'><strong><em>πλουτοῦντ’</em></strong></span> <span class='ocrx_word' id='word_1_283' title='bbox 2195 4463 2419 4550; x_wconf 81' lang='grc' dir='ltr'><strong><em>ὄχλον,</em></strong></span> <span class='ocrx_word' id='word_1_284' title='bbox 2469 4465 2635 4550; x_wconf 89' lang='lat' dir='ltr'><strong>quod</strong></span> <span class='ocrx_word' id='word_1_285' title='bbox 2685 4469 2774 4531; x_wconf 85' lang='lat' dir='ltr'><strong>rei</strong></span> 
     </span>
    </p>
   </div>
  </div>
 </body>
</html>
