3369 5142
1156 1142 1301 1232 AD
1360 1143 2006 1237 FRAGMENTA

1042 1339 1551 1417 COMIGORUM
1600 1344 2149 1420 GRAEGORUM.

1484 1592 1692 1631 acmen·

1310 1796 1375 1864 S.
1426 1802 1501 1865 A.
1548 1798 1855 1865 NABER.

1201 1982 1465 2065 (Contin.
1522 2006 1555 2047 e
1584 2005 1727 2065 paq.
1775 1982 1956 2067 268).

1445 2280 1820 2311 —----—-—

480 2526 794 2608 Quartum
841 2524 1156 2592 Meinekii
1202 2522 1506 2591 volumen
1551 2527 1780 2612 incipit
1824 2547 1862 2592 a
1905 2527 2298 2597 Philemonis
2343 2531 2720 2620 frag-mentis
2741 2580 2759 2612 ‚

386 2637 455 2698 in
502 2635 729 2719 quibus
760 2636 898 2718 Jam
944 2632 1165 2697 stetim
1212 2631 1486 2698 offendor
1530 2653 1593 2717 p.
1647 2631 1724 2698 3:

840 2737 883 2804 ὦ
931 2745 1087 2808 πῶς
1137 2736 1381 2817 πονηρόν
1428 2740 1553 2807 ἕςιν
1599 2737 2021 2818 ἀνθρώπου
2069 2742 2318 2821 Φύσις

838 2845 907 2908 τὸ
956 2845 1223 2928 σύνολον,
1272 2845 1337 2908 οὖ
1384 2844 1511 2926 γὰρ
1558 2843 1635 2908 ἄν
1682 2843 1827 2911 ποτ’
1876 2843 2097 2922 ἐδεήθη
2146 2847 2349 2924 νόμον.

390 2951 566 3018 Haec
614 2957 863 3018 servata
906 2956 1055 3016 sunt
1100 2971 1138 3015 a
1175 2949 1446 3017 Stobaeo
1492 2954 1560 3016 in
1608 2951 1954 3040 Florilegio
1999 2952 2064 3018 2.
2114 2951 2202 3017 26
2221 3003 2236 3028 ,
2285 2954 2398 3019 ubi
2444 2952 2656 3020 Codex
2700 2958 2758 3020 A

389 3055 431 3123 ὦ
480 3083 605 3131 πως
650 3059 845 3123 habet
864 3107 880 3131 ,
928 3078 1078 3122 nam
1125 3056 1324 3145 vulgo
1374 3063 1499 3130 πῶς
1548 3057 1760 3122 editur
1796 3061 1930 3124 sine
1967 3061 2420 3145 interjectione.
2466 3059 2759 3126 Zedeliue

389 3166 499 3229 καί
544 3189 668 3236 πως
718 3166 1003 3247 scripsit,
1052 3163 1378 3228 Dobrseus
1425 3161 1629 3240 ὅντως,
1680 3162 2008 3230 Schowiue
2051 3167 2120 3230 in
2168 3165 2370 3230 tribue
2418 3162 2758 3232 Codicibus

384 3274 631 3337 invenit
696 3273 821 3350 φεῦ
889 3271 999 3346 ὥς,
1074 3289 1231 3353 quae
1298 3267 1487 3334 lectio
1548 3269 1870 3336 Meinekio
1932 3271 2194 3336 fortasse
2256 3291 2405 3336 vera
2465 3271 2757 3356 videtur,

389 3377 801 3465 Hirschigius
848 3375 1116 3459 denique
1162 3376 1634 3440 commendavit
1693 3383 1819 3447 πῶς
1883 3377 1964 3441 οὖ.
2061 3375 2247 3442 Nihil
2305 3377 2534 3442 horum
2595 3377 2760 3442 mihi

385 3505 616 3572 magno
661 3503 844 3568 opere
890 3480 1124 3546 arridet
1170 3486 1235 3544 et
1280 3479 1494 3546 locum
1542 3487 1615 3545 ut
1660 3482 2060 3548 emendarem
2081 3531 2098 3565 ,
2147 3482 2388 3548 contuli
2428 3481 2754 3550 Cratinum

386 3592 615 3657 Athen.
663 3588 711 3653 Ι.
762 3587 849 3653 29
897 3587 993 3652 D:

742 3693 897 3771 οἴμ’
944 3697 1035 3766 ὥς
1086 3693 1333 3766 ἁπαλὸς
1383 3693 1486 3758 καὶ
1535 3692 1786 3766 λευκός·
1837 3689 1932 3774 ἄρ’
1981 3695 2127 3760 οἴσει
2177 3697 2358 3776 τρὶας

384 3809 450 3869 et
494 3801 935 3867 Pherecratem
982 3801 1210 3866 Athen.
1264 3799 1369 3865 VI.
1420 3795 1553 3864 268
1599 3799 1686 3864 E:

744 3907 901 3984 οἶμ’
945 3909 987 3970 ὦ
1009 3931 1039 3979 ς
1087 3907 1343 3979 ἀπολεῖς
1389 3909 1458 3984 μ’
1508 3903 1791 3972 ἐνταῦθα
1846 3908 2222 3988 διατρίβουσ*
2271 3909 2408 3990 zm..

382 4013 492 4079 sed
538 4033 661 4078 non
710 4015 864 4078 satis
910 4013 1029 4077 hoc
1074 4018 1172 4077 est
1212 4012 1291 4077 ed
1327 4011 1545 4079 locum
1578 4014 2116 4102 perpurgendum.
2165 4015 2496 4098 Quomodo
2519 4015 2756 4085 Graece

384 4120 633 4185 dicatur
702 4119 767 4183 id
838 4117 1005 4203 quod
1068 4117 1407 4184 Philemon
1468 4119 1704 4185 dixisse
1748 4120 2002 4186 videtur
2019 4169 2036 4198 ,
2083 4127 2486 4211 cognoscitur
2531 4145 2608 4190 ex
2651 4126 2754 4190 his

324 4217 331 4234 '
384 4225 722 4312 exemplis:
771 4223 1086 4290 Timocles
1131 4223 1361 4289 Athen.
1412 4224 1525 4290 VI.
1576 4225 1710 4290 223
1757 4225 1810 4290 Β
1857 4227 2057 4294 dixit:

900 4327 1216 4410 ἄνθρωπός
1266 4329 1356 4397 ἐςι
1403 4331 1545 4412 ζῷον
1590 4332 1870 4398 ἐπίπονον
1917 4333 2202 4414 mdccc„

383 4436 727 4504 Menander
772 4435 947 4502 Stob.
994 4435 1163 4502 Flor.
1217 4433 1365 4503 104.
1418 4435 1493 4501 5:
