<?xml version="1.0" encoding="UTF-8"?>
<!DOCTYPE html PUBLIC "-//W3C//DTD XHTML 1.0 Transitional//EN"
    "http://www.w3.org/TR/xhtml1/DTD/xhtml1-transitional.dtd">
<html xmlns="http://www.w3.org/1999/xhtml" xml:lang="en" lang="en">
 <head>
  <title>
</title>
<meta http-equiv="Content-Type" content="text/html;charset=utf-8" />
  <meta name='ocr-system' content='tesseract 3.04.00' />
  <meta name='ocr-capabilities' content='ocr_page ocr_carea ocr_par ocr_line ocrx_word'/>
</head>
<body>
  <div class='ocr_page' id='page_1' title='image "./mnemosynevolume01verdgoog_0395.png"; bbox 0 0 3369 5142; ppageno 0'>
   <div class='ocr_carea' id='block_1_1' title="bbox 1498 291 2808 362">
    <p class='ocr_par' dir='ltr' id='par_1_1' title="bbox 1498 291 2808 362">
     <span class='ocr_line' id='line_1_1' title="bbox 1498 291 2808 362; baseline 0 -2"><span class='ocrx_word' id='word_1_1' title='bbox 1498 311 1742 362; x_wconf 71' lang='lat' dir='ltr'><em>olonno.</em></span> <span class='ocrx_word' id='word_1_2' title='bbox 2675 291 2808 360; x_wconf 85' lang='lat'><em>363</em></span> 
     </span>
    </p>
   </div>
   <div class='ocr_carea' id='block_1_2' title="bbox 418 485 2812 998">
    <p class='ocr_par' dir='ltr' id='par_1_2' title="bbox 418 485 2812 890">
     <span class='ocr_line' id='line_1_2' title="bbox 516 485 2806 575; baseline 0 -21"><span class='ocrx_word' id='word_1_3' title='bbox 516 491 589 554; x_wconf 89' lang='lat' dir='ltr'><em>de</em></span> <span class='ocrx_word' id='word_1_4' title='bbox 643 485 819 553; x_wconf 84' lang='lat' dir='ltr'><em>Orat.</em></span> <span class='ocrx_word' id='word_1_5' title='bbox 869 485 917 550; x_wconf 94' lang='grc' dir='ltr'><em>Ι.</em></span> <span class='ocrx_word' id='word_1_6' title='bbox 970 488 1007 572; x_wconf 63' lang='grc' dir='ltr'>ξ</span> <span class='ocrx_word' id='word_1_7' title='bbox 1058 485 1220 552; x_wconf 85' lang='lat'>159:</span> <span class='ocrx_word' id='word_1_8' title='bbox 1260 489 1736 575; x_wconf 82' lang='lat' dir='ltr'><em>perdiscendum</em></span> <span class='ocrx_word' id='word_1_9' title='bbox 1772 489 1869 552; x_wconf 86' lang='lat' dir='ltr'><em>ius</em></span> <span class='ocrx_word' id='word_1_10' title='bbox 1908 485 2109 563; x_wconf 84' lang='lat' dir='ltr'><em>civile,</em></span> <span class='ocrx_word' id='word_1_11' title='bbox 2149 489 2582 571; x_wconf 60' lang='lat' dir='ltr'><em>cognoscendae</em></span> <span class='ocrx_word' id='word_1_12' title='bbox 2617 489 2769 574; x_wconf 72' lang='lat' dir='ltr'><em>leqes</em></span> <span class='ocrx_word' id='word_1_13' title='bbox 2791 535 2806 566; x_wconf 91' lang='lat'><em>,</em></span> 
     </span>
     <span class='ocr_line' id='line_1_3' title="bbox 418 594 2812 683; baseline -0 -24"><span class='ocrx_word' id='word_1_14' title='bbox 418 596 817 683; x_wconf 83' lang='lat' dir='ltr'><em>percipienda</em></span> <span class='ocrx_word' id='word_1_15' title='bbox 896 595 1097 658; x_wconf 86' lang='lat' dir='ltr'><em>omnis</em></span> <span class='ocrx_word' id='word_1_16' title='bbox 1176 595 1519 680; x_wconf 81' lang='lat' dir='ltr'><em>antiquitas</em></span> <span class='ocrx_word' id='word_1_17' title='bbox 1539 642 1556 676; x_wconf 90' lang='lat'><em>,</em></span> <span class='ocrx_word' id='word_1_18' title='bbox 1638 594 1951 659; x_wconf 86' lang='lat' dir='ltr'><em>senatoria</em></span> <span class='ocrx_word' id='word_1_19' title='bbox 2019 595 2381 658; x_wconf 83' lang='lat' dir='ltr'><em>consuetudo</em></span> <span class='ocrx_word' id='word_1_20' title='bbox 2397 640 2413 668; x_wconf 90' lang='lat'><em>,</em></span> <span class='ocrx_word' id='word_1_21' title='bbox 2484 595 2812 682; x_wconf 70' lang='lat' dir='ltr'><em>disciplina</em></span> 
     </span>
     <span class='ocr_line' id='line_1_4' title="bbox 428 700 2812 788; baseline 0.001 -24"><span class='ocrx_word' id='word_1_22' title='bbox 428 703 604 787; x_wconf 66' lang='lat' dir='ltr'><em>reip„</em></span> <span class='ocrx_word' id='word_1_23' title='bbox 658 701 801 764; x_wconf 90' lang='lat' dir='ltr'><em>iura</em></span> <span class='ocrx_word' id='word_1_24' title='bbox 861 702 1163 765; x_wconf 84' lang='lat' dir='ltr'><em>sociorum</em></span> <span class='ocrx_word' id='word_1_25' title='bbox 1180 747 1198 778; x_wconf 88' lang='lat'>‚</span> <span class='ocrx_word' id='word_1_26' title='bbox 1252 701 1517 787; x_wconf 77' lang='lat' dir='ltr'><strong><em>foedera</em></strong></span> <span class='ocrx_word' id='word_1_27' title='bbox 1536 746 1551 777; x_wconf 91' lang='lat'><em>,</em></span> <span class='ocrx_word' id='word_1_28' title='bbox 1591 702 1946 787; x_wconf 71' lang='lat' dir='ltr'><em>pactiones,</em></span> <span class='ocrx_word' id='word_1_29' title='bbox 1991 722 2178 764; x_wconf 87' lang='lat' dir='ltr'><em>causa</em></span> <span class='ocrx_word' id='word_1_30' title='bbox 2225 700 2478 788; x_wconf 87' lang='lat' dir='ltr'><em>imperii</em></span> <span class='ocrx_word' id='word_1_31' title='bbox 2524 701 2812 788; x_wconf 79' lang='lat' dir='ltr'><em>[cognos-</em></span> 
     </span>
     <span class='ocr_line' id='line_1_5' title="bbox 428 805 819 890; baseline -0.008 -19"><span class='ocrx_word' id='word_1_32' title='bbox 428 805 623 871; x_wconf 78' lang='lat' dir='ltr'><em>cenda</em></span> <span class='ocrx_word' id='word_1_33' title='bbox 669 805 819 890; x_wconf 77' lang='lat' dir='ltr'><em>estJ.</em></span> 
     </span>
    </p>

    <p class='ocr_par' dir='ltr' id='par_1_3' title="bbox 520 910 2440 998">
     <span class='ocr_line' id='line_1_6' title="bbox 520 910 2440 998; baseline 0.001 -23"><span class='ocrx_word' id='word_1_34' title='bbox 520 910 931 998; x_wconf 80' lang='lat' dir='ltr'><em>Languidum</em></span> <span class='ocrx_word' id='word_1_35' title='bbox 980 917 1045 976; x_wconf 80' lang='lat' dir='ltr'><em>et</em></span> <span class='ocrx_word' id='word_1_36' title='bbox 1090 933 1553 996; x_wconf 78' lang='lat' dir='ltr'><em>supervacuum</em></span> <span class='ocrx_word' id='word_1_37' title='bbox 1600 915 2004 998; x_wconf 73' lang='lat' dir='ltr'><em>coynoscenda</em></span> <span class='ocrx_word' id='word_1_38' title='bbox 2049 924 2137 977; x_wconf 88' lang='lat' dir='ltr'><em>est</em></span> <span class='ocrx_word' id='word_1_39' title='bbox 2184 911 2440 978; x_wconf 76' lang='lat' dir='ltr'><em>delevit.</em></span> 
     </span>
    </p>
   </div>
   <div class='ocr_carea' id='block_1_3' title="bbox 430 1112 2816 1531">
    <p class='ocr_par' dir='ltr' id='par_1_4' title="bbox 430 1112 2816 1426">
     <span class='ocr_line' id='line_1_7' title="bbox 520 1112 2813 1214; baseline 0.001 -25"><span class='ocrx_word' id='word_1_40' title='bbox 520 1127 593 1189; x_wconf 89' lang='lat' dir='ltr'><em>de</em></span> <span class='ocrx_word' id='word_1_41' title='bbox 647 1121 823 1188; x_wconf 88' lang='lat' dir='ltr'><em>Orat.</em></span> <span class='ocrx_word' id='word_1_42' title='bbox 874 1123 925 1188; x_wconf 88' lang='grc' dir='ltr'><em>Ι.</em></span> <span class='ocrx_word' id='word_1_43' title='bbox 974 1125 1011 1208; x_wconf 66' lang='grc' dir='ltr'><strong>ξ</strong></span> <span class='ocrx_word' id='word_1_44' title='bbox 1060 1122 1226 1192; x_wconf 77' lang='lat'>1672</span> <span class='ocrx_word' id='word_1_45' title='bbox 1278 1126 1437 1191; x_wconf 82' lang='lat' dir='ltr'><em>alter</em></span> <span class='ocrx_word' id='word_1_46' title='bbox 1473 1126 1623 1214; x_wconf 87' lang='lat' dir='ltr'><em>plus</em></span> <span class='ocrx_word' id='word_1_47' title='bbox 1670 1127 1792 1212; x_wconf 72' lang='lat' dir='ltr'><em>Ieye</em></span> <span class='ocrx_word' id='word_1_48' title='bbox 1838 1128 2072 1212; x_wconf 72' lang='lat' dir='ltr'><em>ayendo</em></span> <span class='ocrx_word' id='word_1_49' title='bbox 2107 1126 2356 1214; x_wconf 83' lang='lat' dir='ltr'><em>petebat</em></span> <span class='ocrx_word' id='word_1_50' title='bbox 2391 1112 2590 1212; x_wconf 40' lang='lat' dir='ltr'><em>quam·</em></span> <span class='ocrx_word' id='word_1_51' title='bbox 2617 1149 2813 1212; x_wconf 84' lang='lat' dir='ltr'><em>quan-</em></span> 
     </span>
     <span class='ocr_line' id='line_1_8' title="bbox 430 1231 2816 1320; baseline 0.002 -24"><span class='ocrx_word' id='word_1_52' title='bbox 430 1244 563 1296; x_wconf 81' lang='lat' dir='ltr'><em>tum</em></span> <span class='ocrx_word' id='word_1_53' title='bbox 626 1231 721 1296; x_wconf 77' lang='lat' dir='ltr'><em>lex</em></span> <span class='ocrx_word' id='word_1_54' title='bbox 770 1232 1147 1318; x_wconf 73' lang='lat' dir='ltr'><em>permiserat</em></span> <span class='ocrx_word' id='word_1_55' title='bbox 1198 1267 1279 1278; x_wconf 94' lang='lat'><strong>—</strong></span> <span class='ocrx_word' id='word_1_56' title='bbox 1326 1231 1486 1296; x_wconf 89' lang='lat' dir='ltr'><em>alter</em></span> <span class='ocrx_word' id='word_1_57' title='bbox 1554 1233 1838 1318; x_wconf 79' lang='lat' dir='ltr'><em>iniquum</em></span> <span class='ocrx_word' id='word_1_58' title='bbox 1897 1232 2169 1320; x_wconf 83' lang='lat' dir='ltr'><em>putabat</em></span> <span class='ocrx_word' id='word_1_59' title='bbox 2228 1232 2379 1320; x_wconf 84' lang='lat' dir='ltr'><em>plus</em></span> <span class='ocrx_word' id='word_1_60' title='bbox 2449 1254 2646 1297; x_wconf 86' lang='lat' dir='ltr'><em>secum</em></span> <span class='ocrx_word' id='word_1_61' title='bbox 2709 1237 2816 1320; x_wconf 66' lang='lat' dir='ltr'><em>aqi</em></span> 
     </span>
     <span class='ocr_line' id='line_1_9' title="bbox 431 1337 1478 1426; baseline -0.002 -24"><span class='ocrx_word' id='word_1_62' title='bbox 431 1361 621 1425; x_wconf 85' lang='lat' dir='ltr'><em>quam</em></span> <span class='ocrx_word' id='word_1_63' title='bbox 670 1339 836 1426; x_wconf 85' lang='lat' dir='ltr'><em>quod</em></span> <span class='ocrx_word' id='word_1_64' title='bbox 878 1348 1027 1402; x_wconf 89' lang='lat' dir='ltr'><em>esset</em></span> <span class='ocrx_word' id='word_1_65' title='bbox 1074 1337 1141 1400; x_wconf 86' lang='lat' dir='ltr'><em>in</em></span> <span class='ocrx_word' id='word_1_66' title='bbox 1188 1352 1478 1402; x_wconf 71' lang='lat' dir='ltr'><em>Ac‘rlomfl.</em></span> 
     </span>
    </p>

    <p class='ocr_par' dir='ltr' id='par_1_5' title="bbox 518 1443 1856 1531">
     <span class='ocr_line' id='line_1_10' title="bbox 518 1443 1856 1531; baseline -0.001 -21"><span class='ocrx_word' id='word_1_67' title='bbox 518 1443 883 1510; x_wconf 71' lang='lat' dir='ltr'><em>Restituitz.</em></span> <span class='ocrx_word' id='word_1_68' title='bbox 913 1467 1103 1531; x_wconf 85' lang='lat' dir='ltr'><em>quam</em></span> <span class='ocrx_word' id='word_1_69' title='bbox 1148 1446 1317 1531; x_wconf 84' lang='lat' dir='ltr'><em>quod</em></span> <span class='ocrx_word' id='word_1_70' title='bbox 1360 1456 1511 1508; x_wconf 88' lang='lat' dir='ltr'><em>esset</em></span> <span class='ocrx_word' id='word_1_71' title='bbox 1560 1445 1627 1508; x_wconf 84' lang='lat' dir='ltr'><em>in</em></span> <span class='ocrx_word' id='word_1_72' title='bbox 1672 1459 1856 1510; x_wconf 73' lang='lat' dir='ltr'><em>LEGE.</em></span> 
     </span>
    </p>
   </div>
   <div class='ocr_carea' id='block_1_4' title="bbox 426 1653 2858 2148">
    <p class='ocr_par' dir='ltr' id='par_1_6' title="bbox 426 1653 2858 2041">
     <span class='ocr_line' id='line_1_11' title="bbox 520 1653 2858 1746; baseline 0.002 -23"><span class='ocrx_word' id='word_1_73' title='bbox 520 1661 593 1723; x_wconf 86' lang='lat' dir='ltr'><em>de</em></span> <span class='ocrx_word' id='word_1_74' title='bbox 647 1654 825 1721; x_wconf 90' lang='lat' dir='ltr'><em>Orat.</em></span> <span class='ocrx_word' id='word_1_75' title='bbox 880 1654 928 1720; x_wconf 94' lang='grc' dir='ltr'><em>Ι.</em></span> <span class='ocrx_word' id='word_1_76' title='bbox 978 1658 1017 1740; x_wconf 64' lang='grc' dir='ltr'><strong>ξ</strong></span> <span class='ocrx_word' id='word_1_77' title='bbox 1066 1653 1228 1722; x_wconf 77' lang='lat'>176:</span> <span class='ocrx_word' id='word_1_78' title='bbox 1279 1679 1416 1720; x_wconf 83' lang='lat' dir='ltr'><em>cum</em></span> <span class='ocrx_word' id='word_1_79' title='bbox 1465 1655 1756 1720; x_wconf 77' lang='lat' dir='ltr'><em>Marcelli</em></span> <span class='ocrx_word' id='word_1_80' title='bbox 1789 1657 1867 1720; x_wconf 83' lang='lat' dir='ltr'><em>ab</em></span> <span class='ocrx_word' id='word_1_81' title='bbox 1905 1655 2108 1721; x_wconf 83' lang='lat' dir='ltr'><em>liberti</em></span> <span class='ocrx_word' id='word_1_82' title='bbox 2129 1657 2275 1743; x_wconf 84' lang='lat' dir='ltr'><em>filio</em></span> <span class='ocrx_word' id='word_1_83' title='bbox 2311 1659 2523 1746; x_wconf 80' lang='lat' dir='ltr'><em>stirpe,</em></span> <span class='ocrx_word' id='word_1_84' title='bbox 2571 1658 2820 1728; x_wconf 77' lang='lat' dir='ltr'><em>Claudii</em></span> <span class='ocrx_word' id='word_1_85' title='bbox 2852 1663 2858 1669; x_wconf 77' lang='grc'><strong>’</strong></span> 
     </span>
     <span class='ocr_line' id='line_1_12' title="bbox 426 1761 2814 1852; baseline 0.003 -24"><span class='ocrx_word' id='word_1_86' title='bbox 426 1767 687 1852; x_wconf 82' lang='lat' dir='ltr'><em>patricii</em></span> <span class='ocrx_word' id='word_1_87' title='bbox 728 1765 996 1828; x_wconf 85' lang='lat' dir='ltr'><em>eiusdem</em></span> <span class='ocrx_word' id='word_1_88' title='bbox 1046 1763 1313 1828; x_wconf 75' lang='lat' dir='ltr'><em>hominis</em></span> <span class='ocrx_word' id='word_1_89' title='bbox 1359 1761 1760 1827; x_wconf 75' lang='lat' dir='ltr'><em>hereditatem</em></span> <span class='ocrx_word' id='word_1_90' title='bbox 1800 1774 1974 1847; x_wconf 73' lang='lat' dir='ltr'><em>yente</em></span> <span class='ocrx_word' id='word_1_91' title='bbox 2018 1765 2106 1826; x_wconf 91' lang='lat' dir='ltr'><em>ad</em></span> <span class='ocrx_word' id='word_1_92' title='bbox 2152 1787 2211 1828; x_wconf 91' lang='lat' dir='ltr'><em>se</em></span> <span class='ocrx_word' id='word_1_93' title='bbox 2257 1767 2483 1830; x_wconf 80' lang='lat' dir='ltr'><em>redisse</em></span> <span class='ocrx_word' id='word_1_94' title='bbox 2529 1769 2814 1848; x_wconf 79' lang='lat' dir='ltr'><em>dicerent,</em></span> 
     </span>
     <span class='ocr_line' id='line_1_13' title="bbox 432 1867 2818 1956; baseline 0.002 -22"><span class='ocrx_word' id='word_1_95' title='bbox 432 1891 629 1934; x_wconf 75' lang='lat' dir='ltr'><em>nonne</em></span> <span class='ocrx_word' id='word_1_96' title='bbox 690 1871 755 1933; x_wconf 83' lang='lat' dir='ltr'><em>in</em></span> <span class='ocrx_word' id='word_1_97' title='bbox 814 1891 883 1933; x_wconf 91' lang='lat' dir='ltr'><em>ea</em></span> <span class='ocrx_word' id='word_1_98' title='bbox 931 1891 1115 1932; x_wconf 82' lang='lat' dir='ltr'><em>causa</em></span> <span class='ocrx_word' id='word_1_99' title='bbox 1146 1867 1287 1954; x_wconf 85' lang='lat' dir='ltr'><em>fuit</em></span> <span class='ocrx_word' id='word_1_100' title='bbox 1335 1869 1746 1953; x_wconf 78' lang='lat' dir='ltr'><em>[oratoribus]</em></span> <span class='ocrx_word' id='word_1_101' title='bbox 1797 1871 1871 1933; x_wconf 89' lang='lat' dir='ltr'><em>de</em></span> <span class='ocrx_word' id='word_1_102' title='bbox 1918 1879 2046 1934; x_wconf 89' lang='lat' dir='ltr'><em>toto</em></span> <span class='ocrx_word' id='word_1_103' title='bbox 2090 1871 2309 1956; x_wconf 76' lang='lat' dir='ltr'><em>stirpis</em></span> <span class='ocrx_word' id='word_1_104' title='bbox 2353 1883 2411 1935; x_wconf 83' lang='lat' dir='ltr'><em>et</em></span> <span class='ocrx_word' id='word_1_105' title='bbox 2452 1873 2818 1956; x_wconf 72' lang='lat' dir='ltr'><em>yentilitatis</em></span> 
     </span>
     <span class='ocr_line' id='line_1_14' title="bbox 440 1967 1305 2041; baseline 0 -1"><span class='ocrx_word' id='word_1_106' title='bbox 440 1977 573 2040; x_wconf 85' lang='lat' dir='ltr'><em>iure</em></span> <span class='ocrx_word' id='word_1_107' title='bbox 619 1973 987 2041; x_wconf 72' lang='lat' dir='ltr'><em>dicendum?</em></span> <span class='ocrx_word' id='word_1_108' title='bbox 1292 1967 1305 1982; x_wconf 60' lang='grc'><strong><em>”</em></strong></span> 
     </span>
    </p>

    <p class='ocr_par' dir='ltr' id='par_1_7' title="bbox 526 2078 1800 2148">
     <span class='ocr_line' id='line_1_15' title="bbox 526 2078 1800 2148; baseline -0.002 -1"><span class='ocrx_word' id='word_1_109' title='bbox 526 2080 735 2148; x_wconf 77' lang='lat' dir='ltr'><em>Sensit</em></span> <span class='ocrx_word' id='word_1_110' title='bbox 783 2081 1137 2147; x_wconf 84' lang='lat' dir='ltr'><em>oratoribus</em></span> <span class='ocrx_word' id='word_1_111' title='bbox 1182 2078 1413 2146; x_wconf 79' lang='lat' dir='ltr'><em>vitiose</em></span> <span class='ocrx_word' id='word_1_112' title='bbox 1460 2078 1800 2146; x_wconf 63' lang='lat' dir='ltr'><em>abundare.</em></span> 
     </span>
    </p>
   </div>
   <div class='ocr_carea' id='block_1_5' title="bbox 430 2293 2824 3231">
    <p class='ocr_par' dir='ltr' id='par_1_8' title="bbox 430 2293 2824 2601">
     <span class='ocr_line' id='line_1_16' title="bbox 526 2293 2817 2387; baseline 0.001 -24"><span class='ocrx_word' id='word_1_113' title='bbox 526 2301 599 2363; x_wconf 85' lang='lat' dir='ltr'><em>ds</em></span> <span class='ocrx_word' id='word_1_114' title='bbox 653 2296 831 2362; x_wconf 87' lang='lat' dir='ltr'><em>Orat.</em></span> <span class='ocrx_word' id='word_1_115' title='bbox 880 2294 925 2360; x_wconf 89' lang='lat' dir='ltr'>L</span> <span class='ocrx_word' id='word_1_116' title='bbox 978 2297 1015 2381; x_wconf 67' lang='grc' dir='ltr'>ξ</span> <span class='ocrx_word' id='word_1_117' title='bbox 1062 2293 1232 2360; x_wconf 80' lang='lat'>218:</span> <span class='ocrx_word' id='word_1_118' title='bbox 1281 2294 1427 2378; x_wconf 81' lang='lat' dir='ltr'><em>(est)</em></span> <span class='ocrx_word' id='word_1_119' title='bbox 1479 2295 1623 2359; x_wconf 87' lang='lat' dir='ltr'><em>boni</em></span> <span class='ocrx_word' id='word_1_120' title='bbox 1668 2295 1940 2360; x_wconf 86' lang='lat' dir='ltr'><em>oratoris</em></span> <span class='ocrx_word' id='word_1_121' title='bbox 1977 2294 2178 2358; x_wconf 88' lang='lat' dir='ltr'><em>multa</em></span> <span class='ocrx_word' id='word_1_122' title='bbox 2215 2296 2469 2360; x_wconf 82' lang='lat' dir='ltr'><em>auribus</em></span> <span class='ocrx_word' id='word_1_123' title='bbox 2507 2303 2817 2387; x_wconf 82' lang='lat' dir='ltr'><em>accepisse,</em></span> 
     </span>
     <span class='ocr_line' id='line_1_17' title="bbox 440 2401 2824 2490; baseline 0.003 -22"><span class='ocrx_word' id='word_1_124' title='bbox 440 2405 639 2470; x_wconf 83' lang='lat' dir='ltr'><em>multa</em></span> <span class='ocrx_word' id='word_1_125' title='bbox 702 2405 922 2468; x_wconf 87' lang='lat' dir='ltr'><em>vidisse</em></span> <span class='ocrx_word' id='word_1_126' title='bbox 942 2448 957 2479; x_wconf 91' lang='lat'><em>,</em></span> <span class='ocrx_word' id='word_1_127' title='bbox 1022 2401 1223 2466; x_wconf 82' lang='lat' dir='ltr'><em>multa</em></span> <span class='ocrx_word' id='word_1_128' title='bbox 1286 2403 1497 2466; x_wconf 85' lang='lat' dir='ltr'><em>animo</em></span> <span class='ocrx_word' id='word_1_129' title='bbox 1559 2411 1615 2464; x_wconf 93' lang='lat' dir='ltr'><em>et</em></span> <span class='ocrx_word' id='word_1_130' title='bbox 1661 2402 2024 2486; x_wconf 75' lang='lat' dir='ltr'><em>coyitatione</em></span> <span class='ocrx_word' id='word_1_131' title='bbox 2040 2445 2056 2476; x_wconf 91' lang='lat'><em>,</em></span> <span class='ocrx_word' id='word_1_132' title='bbox 2103 2401 2302 2465; x_wconf 89' lang='lat' dir='ltr'><em>multa</em></span> <span class='ocrx_word' id='word_1_133' title='bbox 2348 2404 2535 2467; x_wconf 84' lang='lat' dir='ltr'><em>etiam</em></span> <span class='ocrx_word' id='word_1_134' title='bbox 2579 2405 2824 2490; x_wconf 72' lang='lat' dir='ltr'><em>leyendo</em></span> 
     </span>
     <span class='ocr_line' id='line_1_18' title="bbox 430 2508 2754 2601; baseline 0 -24"><span class='ocrx_word' id='word_1_135' title='bbox 430 2512 913 2601; x_wconf 72' lang='lat' dir='ltr'><em>percucurrisse,</em></span> <span class='ocrx_word' id='word_1_136' title='bbox 956 2531 1145 2596; x_wconf 84' lang='lat' dir='ltr'><em>neque</em></span> <span class='ocrx_word' id='word_1_137' title='bbox 1189 2531 1259 2573; x_wconf 91' lang='lat' dir='ltr'><em>ea</em></span> <span class='ocrx_word' id='word_1_138' title='bbox 1308 2521 1378 2574; x_wconf 92' lang='lat' dir='ltr'><em>ut</em></span> <span class='ocrx_word' id='word_1_139' title='bbox 1423 2530 1535 2571; x_wconf 82' lang='lat' dir='ltr'><em>sua</em></span> <span class='ocrx_word' id='word_1_140' title='bbox 1574 2508 1941 2595; x_wconf 75' lang='lat' dir='ltr'><em>possedlssn</em></span> <span class='ocrx_word' id='word_1_141' title='bbox 1987 2509 2094 2570; x_wconf 85' lang='lat' dir='ltr'><em>sed</em></span> <span class='ocrx_word' id='word_1_142' title='bbox 2133 2519 2206 2570; x_wconf 92' lang='lat' dir='ltr'><em>ut</em></span> <span class='ocrx_word' id='word_1_143' title='bbox 2249 2508 2450 2574; x_wconf 83' lang='lat' dir='ltr'><em>aliena</em></span> <span class='ocrx_word' id='word_1_144' title='bbox 2496 2510 2754 2579; x_wconf 75' lang='lat' dir='ltr'><em>libassn.</em></span> 
     </span>
    </p>

    <p class='ocr_par' dir='ltr' id='par_1_9' title="bbox 439 2612 2819 3126">
     <span class='ocr_line' id='line_1_19' title="bbox 526 2612 2819 2702; baseline 0.001 -19"><span class='ocrx_word' id='word_1_145' title='bbox 526 2616 865 2691; x_wconf 72' lang='lat' dir='ltr'><em>Subtiliter</em></span> <span class='ocrx_word' id='word_1_146' title='bbox 934 2614 1252 2701; x_wconf 79' lang='lat' dir='ltr'><em>Pluygers</em></span> <span class='ocrx_word' id='word_1_147' title='bbox 1318 2612 1776 2679; x_wconf 79' lang='lat' dir='ltr'><em>animadvertit</em></span> <span class='ocrx_word' id='word_1_148' title='bbox 1845 2632 2068 2677; x_wconf 83' lang='lat' dir='ltr'><em>verum</em></span> <span class='ocrx_word' id='word_1_149' title='bbox 2142 2633 2304 2678; x_wconf 81' lang='lat' dir='ltr'><em>esse:</em></span> <span class='ocrx_word' id='word_1_150' title='bbox 2368 2638 2558 2702; x_wconf 77' lang='lat' dir='ltr'><em>neque</em></span> <span class='ocrx_word' id='word_1_151' title='bbox 2617 2640 2686 2683; x_wconf 86' lang='lat' dir='ltr'><em>ea</em></span> <span class='ocrx_word' id='word_1_152' title='bbox 2749 2633 2819 2685; x_wconf 87' lang='lat' dir='ltr'><em>ut</em></span> 
     </span>
     <span class='ocr_line' id='line_1_20' title="bbox 439 2717 2816 2810; baseline 0.001 -22"><span class='ocrx_word' id='word_1_153' title='bbox 439 2748 553 2788; x_wconf 85' lang='lat' dir='ltr'><em>sua</em></span> <span class='ocrx_word' id='word_1_154' title='bbox 607 2738 951 2810; x_wconf 72' lang='lat' dir='ltr'><em>possmmm</em></span> <span class='ocrx_word' id='word_1_155' title='bbox 1007 2722 1113 2785; x_wconf 91' lang='lat' dir='ltr'><em>sed</em></span> <span class='ocrx_word' id='word_1_156' title='bbox 1169 2732 1241 2784; x_wconf 88' lang='lat' dir='ltr'><em>ut</em></span> <span class='ocrx_word' id='word_1_157' title='bbox 1301 2720 1503 2784; x_wconf 84' lang='lat' dir='ltr'><em>aliena</em></span> <span class='ocrx_word' id='word_1_158' title='bbox 1564 2718 1792 2783; x_wconf 56' lang='lat' dir='ltr'><em>libius.</em></span> <span class='ocrx_word' id='word_1_159' title='bbox 1889 2717 2007 2783; x_wconf 81' lang='lat' dir='ltr'>Illa</span> <span class='ocrx_word' id='word_1_160' title='bbox 2053 2721 2224 2783; x_wconf 89' lang='lat' dir='ltr'><em>enim</em></span> <span class='ocrx_word' id='word_1_161' title='bbox 2274 2720 2352 2785; x_wconf 75' lang='lat' dir='ltr'><em>ad</em></span> <span class='ocrx_word' id='word_1_162' title='bbox 2399 2726 2816 2806; x_wconf 79' lang='lat' dir='ltr'><em>praeteritum</em></span> 
     </span>
     <span class='ocr_line' id='line_1_21' title="bbox 440 2826 2816 2920; baseline 0.001 -26"><span class='ocrx_word' id='word_1_163' title='bbox 440 2836 695 2913; x_wconf 79' lang='lat' dir='ltr'><em>tempus</em></span> <span class='ocrx_word' id='word_1_164' title='bbox 763 2827 1117 2920; x_wconf 66' lang='lat' dir='ltr'><em>pertinent„</em></span> <span class='ocrx_word' id='word_1_165' title='bbox 1188 2826 1342 2890; x_wconf 78' lang='lat' dir='ltr'><em>haee</em></span> <span class='ocrx_word' id='word_1_166' title='bbox 1411 2827 1766 2909; x_wconf 79' lang='lat' dir='ltr'><em>praesentia</em></span> <span class='ocrx_word' id='word_1_167' title='bbox 1833 2831 1980 2889; x_wconf 81' lang='lat' dir='ltr'><em>sunt</em></span> <span class='ocrx_word' id='word_1_168' title='bbox 2050 2830 2116 2889; x_wconf 84' lang='lat' dir='ltr'><em>et</em></span> <span class='ocrx_word' id='word_1_169' title='bbox 2183 2827 2247 2889; x_wconf 90' lang='lat' dir='ltr'><em>in</em></span> <span class='ocrx_word' id='word_1_170' title='bbox 2315 2836 2590 2911; x_wconf 88' lang='lat' dir='ltr'><em>promtu.</em></span> <span class='ocrx_word' id='word_1_171' title='bbox 2690 2830 2816 2910; x_wconf 82' lang='lat' dir='ltr'><em>Qui</em></span> 
     </span>
     <span class='ocr_line' id='line_1_22' title="bbox 439 2929 2817 3013; baseline 0.001 -14"><span class='ocrx_word' id='word_1_172' title='bbox 439 2932 649 2999; x_wconf 76' lang='lat' dir='ltr'><em>multa</em></span> <span class='ocrx_word' id='word_1_173' title='bbox 711 2932 961 2998; x_wconf 75' lang='lat' dir='ltr'><em>audivit</em></span> <span class='ocrx_word' id='word_1_174' title='bbox 1006 2938 1071 2996; x_wconf 82' lang='lat' dir='ltr'><em>et</em></span> <span class='ocrx_word' id='word_1_175' title='bbox 1116 2931 1326 2995; x_wconf 76' lang='lat' dir='ltr'><em>multa</em></span> <span class='ocrx_word' id='word_1_176' title='bbox 1373 2929 1536 2995; x_wconf 82' lang='lat' dir='ltr'><em>vidit</em></span> <span class='ocrx_word' id='word_1_177' title='bbox 1585 2929 1942 2995; x_wconf 74' lang='lat' dir='ltr'><em>multarum</em></span> <span class='ocrx_word' id='word_1_178' title='bbox 1988 2950 2202 2995; x_wconf 80' lang='lat' dir='ltr'><em>rerum</em></span> <span class='ocrx_word' id='word_1_179' title='bbox 2248 2935 2544 3000; x_wconf 76' lang='lat' dir='ltr'><em>notitiam</em></span> <span class='ocrx_word' id='word_1_180' title='bbox 2588 2936 2817 3013; x_wconf 82' lang='lat' dir='ltr'><em>habet,</em></span> 
     </span>
     <span class='ocr_line' id='line_1_23' title="bbox 440 3033 2319 3126; baseline -0.002 -21"><span class='ocrx_word' id='word_1_181' title='bbox 440 3041 548 3105; x_wconf 79' lang='lat' dir='ltr'><em>sed</em></span> <span class='ocrx_word' id='word_1_182' title='bbox 593 3041 703 3126; x_wconf 89' lang='lat' dir='ltr'><em>qui</em></span> <span class='ocrx_word' id='word_1_183' title='bbox 749 3036 959 3103; x_wconf 76' lang='lat' dir='ltr'><em>multa</em></span> <span class='ocrx_word' id='word_1_184' title='bbox 998 3053 1307 3125; x_wconf 76' lang='lat' dir='ltr'><em>posfflum¹</em></span> <span class='ocrx_word' id='word_1_185' title='bbox 1354 3037 1487 3101; x_wconf 81' lang='lat' dir='ltr'><em>iam</em></span> <span class='ocrx_word' id='word_1_186' title='bbox 1530 3033 1698 3099; x_wconf 88' lang='lat' dir='ltr'><em>nihil</em></span> <span class='ocrx_word' id='word_1_187' title='bbox 1742 3035 1935 3101; x_wconf 80' lang='lat' dir='ltr'><em>habet</em></span> <span class='ocrx_word' id='word_1_188' title='bbox 1977 3034 2319 3121; x_wconf 88' lang='lat' dir='ltr'><em>reliquum.</em></span> 
     </span>
    </p>

    <p class='ocr_par' dir='ltr' id='par_1_10' title="bbox 532 3141 1862 3231">
     <span class='ocr_line' id='line_1_24' title="bbox 532 3141 1862 3231; baseline -0.007 -17"><span class='ocrx_word' id='word_1_189' title='bbox 532 3145 745 3213; x_wconf 73' lang='lat' dir='ltr'><em>Facile</em></span> <span class='ocrx_word' id='word_1_190' title='bbox 792 3149 1051 3231; x_wconf 75' lang='lat' dir='ltr'><em>apparet</em></span> <span class='ocrx_word' id='word_1_191' title='bbox 1096 3141 1266 3208; x_wconf 85' lang='lat' dir='ltr'><em>unde</em></span> <span class='ocrx_word' id='word_1_192' title='bbox 1310 3142 1396 3207; x_wconf 81' lang='lat' dir='ltr'><em>sit</em></span> <span class='ocrx_word' id='word_1_193' title='bbox 1440 3145 1629 3207; x_wconf 78' lang='lat' dir='ltr'><em>natus</em></span> <span class='ocrx_word' id='word_1_194' title='bbox 1674 3160 1862 3206; x_wconf 86' lang='lat' dir='ltr'><em>error.</em></span> 
     </span>
    </p>
   </div>
   <div class='ocr_carea' id='block_1_6' title="bbox 442 3351 2828 3974">
    <p class='ocr_par' dir='ltr' id='par_1_11' title="bbox 442 3351 2828 3653">
     <span class='ocr_line' id='line_1_25' title="bbox 532 3351 2828 3439; baseline -0.001 -14"><span class='ocrx_word' id='word_1_195' title='bbox 532 3362 606 3425; x_wconf 89' lang='lat' dir='ltr'><em>de</em></span> <span class='ocrx_word' id='word_1_196' title='bbox 674 3356 850 3423; x_wconf 87' lang='lat' dir='ltr'><em>Orat.</em></span> <span class='ocrx_word' id='word_1_197' title='bbox 915 3355 961 3420; x_wconf 94' lang='grc' dir='ltr'><em>Ι.</em></span> <span class='ocrx_word' id='word_1_198' title='bbox 1030 3356 1065 3439; x_wconf 81' lang='lat'>§</span> <span class='ocrx_word' id='word_1_199' title='bbox 1127 3351 1295 3419; x_wconf 81' lang='lat'>242:</span> <span class='ocrx_word' id='word_1_200' title='bbox 1364 3388 1445 3401; x_wconf 89' lang='lat'>-</span> <span class='ocrx_word' id='word_1_201' title='bbox 1495 3374 1617 3417; x_wconf 78' lang='lat' dir='ltr'><em>non</em></span> <span class='ocrx_word' id='word_1_202' title='bbox 1674 3364 1764 3417; x_wconf 89' lang='lat' dir='ltr'><em>est</em></span> <span class='ocrx_word' id='word_1_203' title='bbox 1811 3352 2052 3439; x_wconf 75' lang='lat' dir='ltr'><em>difficile</em></span> <span class='ocrx_word' id='word_1_204' title='bbox 2097 3357 2340 3419; x_wconf 86' lang='lat' dir='ltr'><em>oratori</em></span> <span class='ocrx_word' id='word_1_205' title='bbox 2387 3392 2470 3402; x_wconf 95' lang='lat'><strong>—</strong></span> <span class='ocrx_word' id='word_1_206' title='bbox 2519 3369 2828 3423; x_wconf 84' lang='lat' dir='ltr'><em>auctorem</em></span> 
     </span>
     <span class='ocr_line' id='line_1_26' title="bbox 442 3459 2828 3553; baseline -0.002 -22"><span class='ocrx_word' id='word_1_207' title='bbox 442 3465 711 3552; x_wconf 80' lang='lat' dir='ltr'><em>aliquem</em></span> <span class='ocrx_word' id='word_1_208' title='bbox 780 3465 1085 3537; x_wconf 84' lang='lat' dir='ltr'><em>invenire;</em></span> <span class='ocrx_word' id='word_1_209' title='bbox 1158 3485 1197 3525; x_wconf 90' lang='lat' dir='ltr'><em>a</em></span> <span class='ocrx_word' id='word_1_210' title='bbox 1268 3482 1389 3546; x_wconf 80' lang='lat' dir='ltr'><em>quo</em></span> <span class='ocrx_word' id='word_1_211' title='bbox 1453 3482 1590 3524; x_wconf 87' lang='lat' dir='ltr'><em>cum</em></span> <span class='ocrx_word' id='word_1_212' title='bbox 1649 3471 1998 3524; x_wconf 78' lang='lat' dir='ltr'><em>amentatas</em></span> <span class='ocrx_word' id='word_1_213' title='bbox 2059 3459 2270 3524; x_wconf 72' lang='lat' dir='ltr'><em>hastas</em></span> <span class='ocrx_word' id='word_1_214' title='bbox 2327 3466 2618 3550; x_wconf 70' lang='lat' dir='ltr'><em>accepen&#39;t</em></span> <span class='ocrx_word' id='word_1_215' title='bbox 2634 3510 2650 3541; x_wconf 91' lang='lat'><em>,</em></span> <span class='ocrx_word' id='word_1_216' title='bbox 2698 3467 2828 3553; x_wconf 86' lang='lat' dir='ltr'><em>ipse</em></span> 
     </span>
     <span class='ocr_line' id='line_1_27' title="bbox 443 3565 1930 3653; baseline -0.005 -17"><span class='ocrx_word' id='word_1_217' title='bbox 443 3594 544 3636; x_wconf 89' lang='lat' dir='ltr'><em>eas</em></span> <span class='ocrx_word' id='word_1_218' title='bbox 590 3581 874 3635; x_wconf 81' lang='lat' dir='ltr'><em>oratoms</em></span> <span class='ocrx_word' id='word_1_219' title='bbox 922 3570 1163 3634; x_wconf 81' lang='lat' dir='ltr'><em>lacertis</em></span> <span class='ocrx_word' id='word_1_220' title='bbox 1210 3566 1559 3653; x_wconf 78' lang='lat' dir='ltr'><em>viribusque</em></span> <span class='ocrx_word' id='word_1_221' title='bbox 1608 3565 1930 3651; x_wconf 84' lang='lat' dir='ltr'><em>torquebit.</em></span> 
     </span>
    </p>

    <p class='ocr_par' dir='ltr' id='par_1_12' title="bbox 442 3670 2827 3974">
     <span class='ocr_line' id='line_1_28' title="bbox 533 3670 2826 3755; baseline 0.001 -16"><span class='ocrx_word' id='word_1_222' title='bbox 533 3675 678 3743; x_wconf 88' lang='lat' dir='ltr'><em>Iure</em></span> <span class='ocrx_word' id='word_1_223' title='bbox 725 3676 985 3742; x_wconf 84' lang='lat' dir='ltr'><em>offendit</em></span> <span class='ocrx_word' id='word_1_224' title='bbox 1030 3677 1097 3739; x_wconf 87' lang='lat' dir='ltr'><em>in</em></span> <span class='ocrx_word' id='word_1_225' title='bbox 1146 3675 1419 3739; x_wconf 79' lang='lat' dir='ltr'><em>oratoris</em></span> <span class='ocrx_word' id='word_1_226' title='bbox 1468 3676 1533 3737; x_wconf 81' lang='lat' dir='ltr'><em>et</em></span> <span class='ocrx_word' id='word_1_227' title='bbox 1582 3670 2028 3755; x_wconf 77' lang='lat' dir='ltr'><em>suspicabatur</em></span> <span class='ocrx_word' id='word_1_228' title='bbox 2077 3684 2388 3738; x_wconf 79' lang='lat' dir='ltr'><em>orat1oms</em></span> <span class='ocrx_word' id='word_1_229' title='bbox 2439 3694 2654 3741; x_wconf 76' lang='lat' dir='ltr'><em>veram</em></span> <span class='ocrx_word' id='word_1_230' title='bbox 2703 3675 2826 3742; x_wconf 82' lang='lat' dir='ltr'><em>lee-</em></span> 
     </span>
     <span class='ocr_line' id='line_1_29' title="bbox 446 3774 2827 3865; baseline 0 -18"><span class='ocrx_word' id='word_1_231' title='bbox 446 3784 686 3848; x_wconf 83' lang='lat' dir='ltr'><em>tionem</em></span> <span class='ocrx_word' id='word_1_232' title='bbox 734 3801 890 3847; x_wconf 77' lang='lat' dir='ltr'><em>esse.</em></span> <span class='ocrx_word' id='word_1_233' title='bbox 984 3779 1107 3846; x_wconf 83' lang='lat' dir='ltr'><em>Sed</em></span> <span class='ocrx_word' id='word_1_234' title='bbox 1153 3778 1320 3865; x_wconf 86' lang='lat' dir='ltr'><em>quod</em></span> <span class='ocrx_word' id='word_1_235' title='bbox 1367 3777 1625 3844; x_wconf 80' lang='lat' dir='ltr'><em>volebat</em></span> <span class='ocrx_word' id='word_1_236' title='bbox 1670 3774 1880 3841; x_wconf 78' lang='lat' dir='ltr'><em>multo</em></span> <span class='ocrx_word' id='word_1_237' title='bbox 1926 3774 2161 3841; x_wconf 81' lang='lat' dir='ltr'><em>melius</em></span> <span class='ocrx_word' id='word_1_238' title='bbox 2202 3776 2532 3865; x_wconf 75' lang='lat' dir='ltr'><em>Ioniusque</em></span> <span class='ocrx_word' id='word_1_239' title='bbox 2571 3782 2827 3847; x_wconf 81' lang='lat' dir='ltr'><em>restitui</em></span> 
     </span>
     <span class='ocr_line' id='line_1_30' title="bbox 442 3882 2140 3974; baseline -0.005 -20"><span class='ocrx_word' id='word_1_240' title='bbox 442 3890 677 3974; x_wconf 74' lang='lat' dir='ltr'><em>poterit</em></span> <span class='ocrx_word' id='word_1_241' title='bbox 728 3886 1088 3953; x_wconf 80' lang='lat' dir='ltr'><em>scribendo:</em></span> <span class='ocrx_word' id='word_1_242' title='bbox 1138 3899 1438 3951; x_wconf 77' lang='lat' dir='ltr'><em>orato-rus</em></span> <span class='ocrx_word' id='word_1_243' title='bbox 1486 3885 1729 3949; x_wconf 81' lang='lat' dir='ltr'><em>lacertis</em></span> <span class='ocrx_word' id='word_1_244' title='bbox 1775 3882 2140 3969; x_wconf 65' lang='lat' dir='ltr'><em>viribusque.</em></span> 
     </span>
    </p>
   </div>
   <div class='ocr_carea' id='block_1_7' title="bbox 438 4093 2830 4485">
    <p class='ocr_par' dir='ltr' id='par_1_13' title="bbox 438 4093 2830 4485">
     <span class='ocr_line' id='line_1_31' title="bbox 536 4093 2830 4181; baseline 0.001 -16"><span class='ocrx_word' id='word_1_245' title='bbox 536 4103 609 4165; x_wconf 88' lang='lat' dir='ltr'><em>de</em></span> <span class='ocrx_word' id='word_1_246' title='bbox 680 4097 857 4164; x_wconf 87' lang='lat' dir='ltr'><em>Orat.</em></span> <span class='ocrx_word' id='word_1_247' title='bbox 930 4097 1010 4162; x_wconf 89' lang='lat'><em>11.</em></span> <span class='ocrx_word' id='word_1_248' title='bbox 1076 4096 1113 4181; x_wconf 62' lang='grc' dir='ltr'>ξ</span> <span class='ocrx_word' id='word_1_249' title='bbox 1160 4095 1281 4160; x_wconf 78' lang='grc' dir='ltr'><em>2οε</em></span> <span class='ocrx_word' id='word_1_250' title='bbox 1354 4119 1505 4159; x_wconf 83' lang='lat' dir='ltr'><em>num</em></span> <span class='ocrx_word' id='word_1_251' title='bbox 1569 4096 1818 4159; x_wconf 85' lang='lat' dir='ltr'><em>tandem</em></span> <span class='ocrx_word' id='word_1_252' title='bbox 1875 4106 1986 4158; x_wconf 91' lang='lat' dir='ltr'><em>aut</em></span> <span class='ocrx_word' id='word_1_253' title='bbox 2049 4093 2212 4158; x_wconf 85' lang='lat' dir='ltr'><em>locus</em></span> <span class='ocrx_word' id='word_1_254' title='bbox 2273 4096 2368 4160; x_wconf 76' lang='lat' dir='ltr'><em>hic</em></span> <span class='ocrx_word' id='word_1_255' title='bbox 2411 4119 2536 4161; x_wconf 82' lang='lat' dir='ltr'><em>non</em></span> <span class='ocrx_word' id='word_1_256' title='bbox 2579 4100 2830 4167; x_wconf 82' lang='lat' dir='ltr'><em>idoneus</em></span> 
     </span>
     <span class='ocr_line' id='line_1_32' title="bbox 442 4198 2827 4290; baseline 0.002 -21"><span class='ocrx_word' id='word_1_257' title='bbox 442 4208 688 4271; x_wconf 81' lang='lat' dir='ltr'><em>videtur</em></span> <span class='ocrx_word' id='word_1_258' title='bbox 708 4252 723 4281; x_wconf 90' lang='lat'>‚</span> <span class='ocrx_word' id='word_1_259' title='bbox 794 4207 859 4269; x_wconf 86' lang='lat' dir='ltr'><em>in</em></span> <span class='ocrx_word' id='word_1_260' title='bbox 930 4226 1049 4290; x_wconf 81' lang='lat' dir='ltr'><em>quo</em></span> <span class='ocrx_word' id='word_1_261' title='bbox 1104 4202 1386 4290; x_wconf 84' lang='lat' dir='ltr'><em>porticus</em></span> <span class='ocrx_word' id='word_1_262' title='bbox 1450 4200 1592 4265; x_wconf 80' lang='lat' dir='ltr'><em>haee</em></span> <span class='ocrx_word' id='word_1_263' title='bbox 1652 4202 1795 4287; x_wconf 87' lang='lat' dir='ltr'><em>ipsa</em></span> <span class='ocrx_word' id='word_1_264' title='bbox 1855 4198 1997 4284; x_wconf 89' lang='lat' dir='ltr'><em>[ubi</em></span> <span class='ocrx_word' id='word_1_265' title='bbox 2059 4221 2227 4266; x_wconf 85' lang='lat' dir='ltr'><em>nunc</em></span> <span class='ocrx_word' id='word_1_266' title='bbox 2285 4200 2722 4290; x_wconf 76' lang='lat' dir='ltr'><em>ambulamus]</em></span> <span class='ocrx_word' id='word_1_267' title='bbox 2770 4221 2827 4273; x_wconf 89' lang='lat' dir='ltr'><em>et</em></span> 
     </span>
     <span class='ocr_line' id='line_1_33' title="bbox 438 4306 2828 4399; baseline 0.002 -24"><span class='ocrx_word' id='word_1_268' title='bbox 438 4312 763 4399; x_wconf 83' lang='lat' dir='ltr'><em>palaestra</em></span> <span class='ocrx_word' id='word_1_269' title='bbox 829 4346 910 4359; x_wconf 90' lang='lat'><em>-</em></span> <span class='ocrx_word' id='word_1_270' title='bbox 982 4306 1365 4375; x_wconf 79' lang='lat' dir='ltr'><em>Graecarum</em></span> <span class='ocrx_word' id='word_1_271' title='bbox 1424 4308 1920 4395; x_wconf 83' lang='lat' dir='ltr'><em>disputationum</em></span> <span class='ocrx_word' id='word_1_272' title='bbox 1966 4310 2330 4373; x_wconf 87' lang='lat' dir='ltr'><em>memoriam</em></span> <span class='ocrx_word' id='word_1_273' title='bbox 2375 4310 2828 4395; x_wconf 85' lang='lat' dir='ltr'><em>quodammodo</em></span> 
     </span>
     <span class='ocr_line' id='line_1_34' title="bbox 446 4416 863 4485; baseline -0.005 -2"><span class='ocrx_word' id='word_1_274' title='bbox 446 4416 863 4485; x_wconf 72' lang='lat' dir='ltr'><em>commovent?</em></span> 
     </span>
    </p>
   </div>
  </div>
 </body>
</html>
