3369 5142
1324 310 1760 370 mucrnmm.
1835 385 1844 396 ,
2620 285 2750 365 169

368 498 727 581 conspirant
774 493 955 562 codd.
999 491 1309 578 Stephani
1353 491 1511 579 Byz.
1554 513 1605 558 s.
1652 513 1716 558 v.
1767 489 2060 571 Κάμιρος.
2151 489 2436 558 Homero
2482 489 2752 572 Κάμιρον

366 601 646 668 reddidit
691 601 921 668 Nauck
972 599 1029 664 B
1085 598 1216 664 656
1265 599 1481 664 Λίνδον
1522 597 1800 672 ’[ήλυσόν
1838 621 1910 662 τε
1952 597 2056 662 καὶ
2084 597 2448 678 άργινόεντα
2501 596 2750 676 Κάμι-

368 730 529 792 ρον,
577 714 651 772 ut
697 721 867 772 recte
910 705 1125 772 locum
1172 708 1328 770 citat
1374 703 1736 788 Stephanus
1781 701 1826 766 l.
1852 703 1898 768 1.

464 811 613 878 VIII
664 814 769 878 54.
832 815 907 878 Ὀ
960 811 1021 875 δὲ
1067 811 1601 888 δῆμος-δείσας
1650 810 1754 872 καὶ
1804 804 1946 886 ἅμα
1997 809 2470 891 ἐπελπίζων
2519 812 2594 883 ὥς
2646 809 2748 874 καὶ

368 919 881 998 μεταβαλεῖται,
948 917 1210 982 ἐνέδωκε.
1306 915 1569 980 Rectius
1630 917 1699 979 in
1763 915 1898 981 solo
1955 915 2092 980 cod.
2143 913 2447 982 Cassiano
2496 921 2596 981 est
2639 917 2756 980 ἐλ-

370 1025 457 1090 πί
473 1025 512 1107 ζ
529 1048 637 1088 ων.
736 1024 905 1090 Nam
968 1021 1321 1103 ἕπελπίζειν
1384 1020 1752 1107 Thucydidi
1817 1027 1915 1086 est
1970 1023 2052 1094 εἷς
2120 1021 2350 1087 ἐλπίδα
2400 1022 2754 1090 macedum.

371 1128 471 1196 cf.
536 1149 727 1214 supra
792 1129 851 1206 1,
907 1131 961 1194 1.
1024 1134 1089 1194 et
1134 1127 1303 1214 apud
1350 1126 1517 1192 solos
1568 1129 1890 1211 sequiores
1938 1129 2344 1195 intransitive
2389 1133 2751 1213 usurpatur.

372 1233 441 1301 Si
487 1235 643 1322 quid
691 1238 897 1323 igitur
944 1234 1355 1300 tribuendum
1402 1235 1796 1318 optimorum
1841 1232 2154 1299 librorum
2202 1237 2574 1310 consensui,
2625 1253 2757 1299 cor-

372 1342 713 1428 rigendum
778 1341 985 1412 δείσας
1035 1339 1140 1405 καὶ
1190 1335 1331 1417 ἅμα
1382 1337 1503 1403 ἔτι
1550 1343 1577 1403 ἒ
1595 1355 1635 1404 λ
1656 1341 1746 1404 πί
1763 1338 1802 1420 ζ
1816 1364 1926 1404 ων.
2023 1338 2096 1404 In
2143 1343 2341 1426 capiti
2387 1360 2756 1428 praegresso

372 1449 437 1535 (ς
484 1447 549 1534 3)
602 1446 1165 1532 obtemperandum
1218 1447 1426 1512 fuerat
1473 1443 1794 1530 Stephano
1841 1447 2188 1533 corrigenti
2234 1447 2285 1511 εἰ
2335 1449 2424 1524 μὴ
2469 1442 2758 1511 πολιτεύ-

371 1553 557 1633 σομέν
619 1576 690 1619 τε
751 1553 1185 1635 σωφρονέςερον
1249 1551 1354 1616 καὶ
1420 1551 1479 1624 ἐς
1543 1551 1790 1629 ὀλίγους
1847 1555 2094 1629 μᾶλλον
2146 1552 2339 1638 (quod
2387 1552 2633 1618 dictum
2684 1557 2758 1618 ut

370 1663 551 1727 οἰκεῖν
618 1661 679 1732 ἐς
743 1659 1003 1752 ὀλίγους·
1050 1657 1114 1723 II
1176 1657 1285 1736 37,
1355 1657 1443 1744 1),
1508 1657 1778 1742 expulso
1822 1659 2158 1723 manifesto
2205 1657 2588 1724 emblemate
2636 1659 2754 1730 τὰς

370 1768 579 1850 άρχοῖς
629 1767 996 1844 ποιήσαιμεν
1016 1814 1034 1848 ,
1081 1763 1251 1850 quod
1295 1783 1376 1828 ne
1420 1769 1704 1828 correcto
1751 1763 2013 1848 quidem
2059 1763 2392 1841 ποιήσομεν
2442 1761 2756 1830 Graecam

370 1873 527 1938 facit
575 1875 947 1938 orationem.

463 1975 621 2042 VIII
684 1977 771 2041 45
826 1976 997 2042 med.
1047 1973 1232 2040 Stahl
1280 1979 1345 2039 et
1391 1973 1648 2040 Classen
1697 1981 1839 2060 post
1886 1975 2151 2040 διδόασιν
2195 1975 2590 2041 intercidisse
2624 1996 2758 2041 sus-

373 2086 672 2169 picantur
729 2083 899 2169 quod
962 2081 1334 2168 respondeat
1396 2081 1607 2148 verbis
1668 2082 1774 2146 καὶ
1825 2086 2005 2146 τοῦτο
2054 2083 2142 2159 μὴ
2190 2079 2486 2162 ξυνεχῶς.
2581 2080 2756 2162 Quae

377 2189 568 2256 verba
612 2192 670 2254 si
714 2189 822 2255 hic
867 2191 1147 2276 genuina
1188 2191 1357 2264 sunt,
1407 2207 1522 2252 nec
1560 2186 1941 2274 interpolata
1979 2208 2056 2253 ex
2093 2186 2253 2253 locis
2293 2186 2401 2260 78,
2447 2186 2510 2252 2.
2551 2185 2660 2264 83,
2689 2185 2754 2259 3,

373 2299 572 2363 statui
610 2300 820 2381 potest
856 2293 1343 2379 Tissaphernem
1381 2313 1530 2378 prae
1572 2295 1844 2359 avaritia
1878 2293 2137 2381 longius
2175 2313 2584 2381 progressum
2623 2313 2758 2358 esse

374 2422 569 2488 quam
629 2403 754 2487 ipsi
799 2399 1162 2467 Alcibiades
1206 2400 1541 2483 suasisset,
1587 2420 1702 2465 nec
1750 2419 1864 2464 cur
1911 2398 2140 2466 lacuna
2184 2405 2505 2465 statuatur
2547 2398 2758 2465 video.

464 2505 625 2573 VIII
674 2505 781 2573 54.
845 2506 950 2571 καὶ
1014 2504 1407 2589 ἐψηφίσαντο
1470 2505 1842 2570 πλεύσαντα
1887 2505 1992 2570 τὸν
2038 2506 2405 2586 Πείσανδρον
2451 2505 2556 2570 καὶ
2609 2503 2756 2570 δέκα

372 2610 599 2693 ἄνδρας
674 2615 817 2691 μετ’
888 2614 1081 2677 αὐτοῦ
1153 2610 1553 2692 πράσσειν
1624 2606 1772 2694 ὅπη
1833 2612 1926 2677 ἂν
1985 2614 2194 2685 αὐτοῖς
2260 2611 2524 2685 δοκοίη
2573 2608 2759 2690 dms-aa

377 2714 555 2795 ἕξειν.
652 2718 979 2785 Soloecam
1000 2769 1019 2793 ,
1080 2724 1249 2783 certe
1310 2738 1433 2785 non
1496 2716 1985 2805 Thucydideam
2005 2768 2023 2803 ,
2070 2719 2233 2785 hanc
2278 2721 2581 2805 syntaxin
2628 2738 2762 2783 esse

381 2823 840 2889 contendebam
912 2825 1083 2889 stud.
1114 2860 1119 2865 ·
1153 2824 1329 2888 Thac.
1387 2845 1446 2909 p.
1521 2822 1672 2889 106.
1741 2827 2126 2909 comparatis
2187 2846 2249 2891 v.
2319 2846 2370 2889 ο.
2421 2824 2523 2889 his
2569 2824 2760 2890 locis:

378 2928 466 2994 Vl
531 2927 639 3014 26,
694 2934 725 2995 1
775 2927 1155 3003 ἀκούσαντες
1206 2928 1259 2993 δ’
1305 2932 1355 2995 οἱ
1408 2927 1734 3005 Ἀθηναῖοι
1784 2931 2178 3013 ἐψηφίσαντο
2226 2928 2412 3003 εὐθὺς
2463 2928 2764 3010 αὐτοκρά-

376 3058 555 3115 τορας
621 3030 775 3101 εἶναι
824 3036 929 3101 καὶ
980 3037 1113 3116 περὶ
1162 3039 1463 3115 στρατιᾶς
1513 3036 1778 3111 πλήθους
1826 3036 1930 3101 καὶ
1979 3037 2113 3117 περὶ
2161 3040 2269 3101 τοῦ
2317 3038 2552 3111 παντὸς
2601 3041 2764 3101 πλοῦ

374 3144 516 3216 τοὺς
566 3143 917 3223 ςρατηγοὺς
964 3141 1365 3223 πράσσειν
1411 3138 1449 3225 ἦ
1495 3140 1586 3207 ἂν
1638 3144 1849 3215 αὐτοῖς
1901 3142 2085 3225 δοκῇ
2137 3140 2319 3223 ἄριςα
2370 3138 2520 3209 εἶναι
2571 3142 2765 3219 Ἀθη-

375 3250 565 3323 ναίοις
612 3248 777 3315 VIII
824 3248 931 3328 56,
986 3249 1047 3315 5.
1100 3252 1247 3318 ναῦς
1298 3248 1523 3326 ἠξίου
1572 3248 1680 3312 ἐᾶν
1729 3247 2006 3325 βασιλέα
2055 3252 2356 3314 ποιεῖσθαι
2405 3247 2511 3313 καὶ
2563 3272 2768 3327 παρα-

370 3363 556 3421 πλεῖν
616 3358 727 3431 την
790 3356 1019 3422 ἑαυτῶν
1079 3363 1201 3434 γῆν
1248 3350 1394 3435 ὅπη
1442 3353 1535 3418 ἂν
1587 3354 1692 3417 καὶ
1743 3349 1913 3426 ὅσαις
1963 3353 2038 3419 ἂν
2088 3354 2517 3431 βούληται.
2619 3352 2768 3419 VIII

371 3458 481 3537 67,
550 3459 590 3525 3
662 3462 1109 3541 ἐσήνεγκαν
1172 3460 1224 3527 οἱ
1289 3460 1675 3543 ξυγγραφῆς
1739 3496 1822 3508 —-
1889 3459 2316 3540 τετρακοσίους
2391 3496 2473 3510 --
2546 3458 2766 3541 ἄρχειν

373 3564 521 3648 ὅπη
580 3566 667 3631 ἂν
730 3566 976 3649 άριςα
1038 3567 1619 3647 γιγνώσκωσιν
1667 3567 2143 3647 αὐτοκράτορας.
2237 3564 2500 3632 Frustra
2546 3573 2766 3633 autem

372 3672 543 3757 apud
581 3671 1026 3760 Thucydidem
1071 3673 1243 3739 locos
1291 3674 1609 3759 quaesivi,
1662 3675 1730 3738 in
1765 3673 1998 3758 quibus
2037 3670 2342 3759 vulgatae
2384 3672 2643 3738 lectioni
2683 3676 2772 3739 sit

372 3778 785 3864 praesidium.
851 3775 1111 3845 Classen
1156 3779 1235 3845 ad
1280 3779 1341 3843 h.
1393 3778 1477 3844 l.:
1532 3777 1649 3857 „aiv
1699 3800 1776 3843 zu
1825 3778 2059 3857 δοκοίη,
2105 3778 2286 3865 nicht
2333 3800 2408 3843 zu
2457 3776 2610 3862 ὅπηε
2660 3778 2780 3845 auf

376 3884 523 3963 „die
585 3882 827 3962 Weiss,
891 3886 1013 3949 wie
1074 3904 1140 3949 es
1200 3884 1395 3950 ihnen
1442 3905 1545 3950 am
1594 3885 1808 3951 beaten
1859 3885 2163 3951 scheinen
2211 3885 2448 3951 wurde.
2503 3883 2658 3973 vgl.
2713 3907 2770 3951 c.

376 3988 507 4070 „50
554 3991 591 4075 ᾗ
638 3990 737 4055 5.”
826 3988 1098 4077 Legitur
1144 3991 1236 4056 ibi
1282 3982 1401 4056 sic:
1454 3988 1902 4071 θορυβούμενος
1951 3988 2008 4057 δ’
2063 3990 2090 4055 ὅ
2142 3992 2440 4071 Φρύνιχος
2485 4028 2568 4040 -
2611 3993 2766 4057 άπο-

374 4096 583 4165 τέλλει
638 4134 721 4145 --
770 4095 915 4176 πρὸς
964 4098 1067 4160 τὸν
1120 4096 1477 4176 Ἀντίοχον,
1526 4096 1611 4160 τά
1662 4120 1732 4160 τε
1780 4094 2046 4177 πρότερα
2095 4096 2504 4177 μεμφόμενος
2535 4084 2645 4161 ’ὅτι
2698 4100 2764 4162 οὐ

378 4209 583 4275 καλῶς
632 4203 929 4285 ἐκρύφθη,
983 4200 1089 4267 καὶ
1138 4204 1239 4266 νῦν
1286 4198 1379 4267 ὅτι
1424 4198 1559 4267 ὅλον
1610 4205 1679 4269 τὸ
1727 4202 2057 4283 ςράτευμα
2107 4240 2193 4253 ——
2245 4203 2484 4281 ἑτοῖμος
2534 4204 2624 4277 εἴη
2679 4238 2762 4253 --

376 4317 733 4387 παρασχεῖν
816 4309 1025 4380 αὐτοῖς
1110 4308 1495 4393 διαφθεῖραι,
1582 4307 1844 4389 γράψας
1926 4307 2066 4373 καθ’
2137 4306 2338 4377 ἕκαςα
2413 4344 2498 4357 -—
2573 4304 2616 4389 ᾧ
2696 4308 2772 4373 ἂν

376 4414 575 4496 τρόπῳ
629 4414 797 4478 αὐτὰ
860 4412 1221 4495 πράξειε.
1306 4414 1503 4494 Quasi
1556 4435 1700 4481 vero
1747 4418 2047 4501 cuiquam
2095 4417 2164 4479 in
2211 4420 2498 4479 mentem
2549 4417 2764 4483 venire
