3369 5142
1427 349 1667 403 (nonno.
2601 337 2624 404 1
2641 337 2726 407 97

335 528 657 597 Emendat
706 529 815 593 sed
854 550 979 592 non
1026 541 1225 594 sl'l'ffl
1268 545 1337 592 m
1380 550 1446 592 eo
1492 529 1707 593 iudico
1743 549 1916 616 spem
1953 531 2028 594 de
2064 529 2260 594 salute
2299 531 2391 594 rei
2417 529 2720 617 publicae.

335 633 764 702 Confirmatur
809 635 963 701 haec
1010 636 1325 702 sententia
1367 637 1451 700 iis
1492 655 1655 720 quae
1701 639 2000 702 continuo
2046 642 2428 722 sequuntur:
2479 638 2724 723 siqnifi-

333 765 435 808 cas
480 743 643 807 enim
682 779 767 790 —
802 755 874 806 ut
918 744 1105 807 etiam
1152 741 1384 818 Italia,
1431 745 1487 805 si
1530 741 1631 806 ille
1676 743 1876 818 cedat,
1910 755 2096 830 putes
2138 745 2484 808 cedendum.
2544 740 2726 822 Quod

331 870 437 933 eqo
500 871 605 913 nee
666 852 758 914 rei
812 849 1093 936 publicae
1142 861 1303 936 puto
1365 869 1487 912 esse
1532 848 1680 912 utile
1720 871 1823 912 nee
1871 849 2076 914 liberis
2121 851 2293 913 meis.
2386 849 2724 912 Praeterea

332 975 523 1040 neque
584 968 815 1020 rectum
862 975 1051 1040 neque
1097 954 1433 1019 honestum.
1529 951 1670 1018 Hoo
1717 955 1890 1017 enim
1941 949 2159 1019 Cicero
2205 953 2397 1018 dicit:
2443 973 2570 1018 non
2629 957 2726 1017 est

334 1058 676 1124 consilium
717 1058 1099 1145 Pompeium
1140 1061 1195 1124 si
1235 1057 1425 1124 Italia
1471 1057 1652 1124 cedat
1698 1058 1906 1143 sequi.
1960 1079 2085 1124 non
2125 1061 2300 1125 enim
2337 1061 2407 1123 in
2443 1079 2516 1124 eo
2540 1079 2718 1144 spem

331 1165 411 1231 de
458 1164 667 1232 saluts
714 1168 804 1232 rei
853 1165 1147 1251 publicae
1192 1167 1467 1250 positam
1518 1184 1652 1231 esse
1709 1165 1946 1232 iudico·

1413 1393 1659 1444 olcmzo·

1126 1514 1207 1579 ad
1251 1517 1454 1581 Attio.
1500 1513 1690 1582 VIII.
1741 1516 1801 1582 7.
1851 1515 1915 1581 2.

432 1688 613 1768 Quod
655 1692 817 1754 enim
864 1701 934 1755 tu
978 1711 1182 1754 meum
1226 1691 1447 1756 laudas
1491 1705 1549 1757 et
1586 1695 2055 1758 memorandum
2091 1696 2262 1760 ducis
2301 1695 2482 1759 malle
2519 1694 2716 1781 [quod

331 1795 635 1880 dixerim]
684 1818 779 1860 me
814 1819 953 1861 oum
998 1796 1293 1884 Pompeio
1332 1799 1492 1862 vinci
1528 1823 1720 1885 quam
1758 1823 1896 1862 cum
1935 1803 2072 1864 istis
2106 1803 2354 1866 vincere.
2403 1799 2717 1888 Expunge

331 1901 841 1967 additamentum
866 1951 883 1980 ,
946 1902 1114 1988 quod
1173 1907 1237 1968 et
1297 1903 1564 1970 molesto
1624 1904 1910 1970 abundat
1973 1912 2037 1971 et
2085 1905 2291 1972 alieno
2337 1905 2476 1972 loco
2521 1909 2716 1972 inter-

332 2008 613 2093 positum
664 2013 778 2073 est.

1402 2241 1643 2292 01013120.

1046 2363 1119 2424 ad
1168 2358 1375 2428 Attio.
1426 2359 1613 2426 VIII.
1669 2363 1773 2427 11.
1824 2363 1896 2426 D.
1947 2359 2009 2426 3.

418 2539 511 2607 At
556 2542 715 2607 mihi
738 2580 822 2592 —
848 2545 1118 2631 affertur
1162 2543 1489 2609 literarum
1536 2556 1790 2609 tuarum
1837 2541 2181 2629 (Pompeii)
2231 2541 2596 2631 exemplum.
2626 2580 2706 2591 —-

330 2646 475 2713 Hae
520 2652 785 2736 seriptae
829 2653 913 2714 sic
956 2662 1171 2714 erant.-
1220 2650 1431 2715 literas
1478 2651 1590 2715 tibi
1634 2676 1674 2714 a
1721 2650 1796 2712 L.
1851 2649 2136 2715 Domitio
2185 2686 2270 2698 —-
2315 2649 2544 2713 allatas
2589 2672 2712 2713 esse

328 2755 683 2839 (earumque
726 2756 1071 2842 exemplum
1116 2756 1586 2843 subscripseras)
1634 2759 1960 2843 maynique
1993 2758 2276 2821 interesse
2311 2758 2405 2820 rei
2430 2756 2712 2842 publicae

329 2858 730 2944 [scripseras]
793 2874 997 2925 omnes
1062 2864 1267 2949 copias
1306 2865 1520 2949 primo
1565 2884 1802 2949 quoque
1847 2874 2116 2949 tempore
2160 2864 2226 2926 in
2273 2885 2466 2925 unum
2513 2862 2708 2926 locum

326 2968 655 3029 convenire.
750 2964 1035 3049 sciolus,
1100 2970 1211 3051 qui
1272 2968 1350 3033 de
1412 2989 1527 3033 suo
1575 2970 1909 3055 scripseras
1955 2967 2235 3051 addidit,
2283 2988 2537 3033 omnem
2585 2967 2710 3033 looi

325 3072 849 3158 compositionem
899 3075 1203 3158 corrupit.
2451 3066 2460 3073 ’

1398 3301 1641 3352 01013130.

1113 3423 1193 3490 ad
1236 3424 1533 3489 Atticum
1579 3423 1702 3489 IX.
1754 3421 1814 3489 7.
1861 3423 1923 3488 1.

410 3602 485 3668 In
548 3601 781 3669 Codice
846 3603 1120 3668 Modioeo
1182 3606 1311 3667 est:
1374 3601 1589 3666 attulit
1652 3602 1996 3666 uberrimas
2058 3615 2198 3666 tuas
2254 3602 2465 3667 literas
2483 3648 2498 3679 ‚
2547 3624 2704 3689 quae

319 3709 479 3775 milti
544 3710 843 3795 quiddam
914 3727 1040 3785 Qus
1100 3726 1305 3774 smmi·
1371 3724 1551 3771 uum
1612 3724 1731 3771 nsi·
1792 3724 1926 3772 mm
1993 3724 2228 3772 Anum.
2323 3706 2704 3795 Corrigunt:

318 3836 481 3901 quae
522 3815 686 3879 mihi
727 3815 1031 3900 quiddam
1072 3832 1259 3889 oum
1297 3830 1629 3877 Annium
1664 3830 2171 3879 nns'rmnffluwr.
2218 3812 2414 3879 Recte
2439 3821 2698 3889 caetera,

315 3921 426 3987 sod
510 3940 624 4006 pro
705 3920 1109 3985 Rustillarunt
1191 3918 1634 4005 corrigendum
1725 3925 1822 3983 ost
1888 3918 2278 3984 instillarunt
2293 3966 2310 3997 ,
2385 3918 2710 3995 ἐνέςωξαν.

314 4026 647 4113 Scriptum
694 4033 830 4092 orat.
876 4026 942 4090 in
990 4030 1205 4094 vetere
1250 4024 1417 4089 libro

950 4148 1471 4208 omfflfflmumr.
1518 4129 1559 4171 ᾖ
1582 4130 1623 4171 ’“’
1670 4148 2092 4195 swmnuumw.

315 4241 569 4306 amissis
629 4238 879 4305 duabus
939 4236 1217 4303 literulis
1262 4240 1329 4301 in
1374 4234 1533 4303 folio
1580 4257 1852 4323 petroso.
1951 4236 2278 4301 Usitatum
2329 4242 2426 4301 ost
2471 4238 2538 4300 in
2583 4236 2705 4301 tali

314 4366 382 4410 re
450 4344 723 4409 verbum
790 4344 1127 4421 instillare,
1188 4348 1263 4407 ut
1325 4345 1551 4406 lumim'
1610 4342 1917 4408 instillare
1980 4342 2196 4407 oleum.
2291 4340 2702 4407 Praeclarum

311 4457 407 4517 est
457 4448 838 4530 Quintiliani
887 4454 1299 4536 praeceptum
1347 4447 1396 4512 I.
1448 4446 1511 4513 2.
1561 4446 1673 4514 28.
1725 4461 1798 4512 ut
1845 4448 2086 4511 vaseula
2132 4450 2260 4513 oris
2307 4450 2558 4535 anqusti
2601 4471 2706 4513 su-
