3369 5142
1288 374 1708 426 mucYmmis.
2561 354 2684 423 441

312 540 677 629 significant
738 548 812 607 ut
875 542 1157 608 ἀπειλεῖν
1223 544 1710 622 διαπειλεῖσθαι,
1762 547 1920 625 βοᾶν
1968 547 2376 624 διαβοᾶσθαι,
2429 544 2692 622 τοξεύειν

313 646 769 725 διατοξεύεσθαι
820 654 882 713 et
930 646 1056 712 alia
1098 656 1423 726 sexcenta,
1465 672 1624 735 quae
1661 657 1877 717 omnia
1917 660 2163 738 praeter
2198 652 2493 718 διαπίνειν
2517 652 2697 716 verbi

314 756 514 818 medii
557 755 827 820 formam
879 760 1209 818 assumunt
1253 762 1316 819 et
1356 756 1446 819 sic
1486 778 1563 821 ex
1604 760 1958 823 κινδυνεύειν
2003 758 2545 824 διακινδυνεύεσθαι
2587 777 2694 822 na-

314 862 535 924 scitur.
606 860 831 943 Itaque
872 859 1024 923 haec
1059 864 1155 923 est
1198 860 1533 926 verborum
1561 867 1906 928 sententia:
1932 870 2121 929 satius
2143 888 2262 930 esse
2284 866 2408 929 rati
2432 864 2699 947 utrisque

312 972 574 1028 nostrum
634 988 751 1027 non
822 970 885 1026 ἰοι
950 965 1085 1027 alea
1144 966 1403 1029 ineunda
1442 972 1688 1031 audacia
1734 977 1790 1032 et
1821 972 2165 1051 pertinacia
2211 972 2370 1035 inter
2415 991 2519 1032 nos
2565 990 2698 1031 con-

314 1072 572 1153 tendere,
612 1090 725 1135 nos
766 1068 945 1142 εἵπως
991 1068 1355 1153 διαφύγοιεν
1392 1073 1443 1137 οἱ
1489 1070 1720 1153 ἄνδρες,
1765 1095 1880 1140 vos
1917 1074 2098 1149 εἵπως
2141 1072 2696 1157 έκπολιορκηθέντες

311 1180 670 1259 χειρωθεῖεν.

408 1283 525 1348 Est
584 1284 855 1369 denique
921 1304 1145 1369 operae
1208 1288 1487 1369 pretium
1550 1291 1617 1352 in
1670 1287 1944 1354 Scholiis
1993 1290 2072 1354 ad
2118 1290 2288 1353 hunc
2331 1288 2548 1354 locum
2595 1286 2702 1351 ob-

322 1410 571 1456 servare
621 1408 811 1474 quam
862 1388 1067 1466 leves,
1118 1411 1312 1474 quam
1361 1391 1635 1476 pueriles
1680 1397 1810 1458 sint
1849 1394 2379 1469 Scholiastarum‚
2428 1410 2700 1477 quorum

316 1501 564 1583 praeter
632 1496 892 1559 nomina
964 1493 1122 1559 nihi]
1194 1500 1523 1574 novimus,
1598 1501 2176 1565 animadversiones
2223 1506 2286 1565 et
2332 1498 2704 1582 interpreta-

320 1604 541 1667 tiones.
637 1600 783 1666 Non
852 1606 1034 1683 sunt,
1109 1602 1292 1666 credo
1312 1651 1329 1684 ,
1401 1603 1668 1667 obscura
1739 1606 1930 1670 verba
1998 1604 2392 1691 Thucydidis
2454 1600 2702 1680 ἄμεινον

322 1706 643 1785 ἡγούμενοι
720 1705 1090 1785 ἀμφοτέροις
1161 1707 1248 1783 μὴ
1322 1706 1896 1784 διακινδυνεύεσθαι,
1965 1716 2039 1774 ut
2101 1730 2236 1795 cap.
2287 1706 2396 1773 20.
2447 1709 2593 1783 ἡμῖν
2640 1707 2703 1771 δὲ

321 1820 521 1883 καλῶς
548 1862 565 1895 ,
633 1809 802 1890 εἴπερ
850 1812 1036 1895 ποτέ,
1086 1808 1218 1893 ἔχει
1262 1814 1633 1892 ἀμφοτέροις
1686 1817 1717 1888 ἦ
1769 1812 2166 1890 ξυναλλαγῆ.
2221 1815 2580 1879 Annotatur
2625 1812 2706 1877 ad

322 1939 457 2004 cap.
539 1918 640 1982 19.
716 1916 1123 1996 ἀμφοτέροιςε
1198 1920 1343 1995 ἡμῖν
1406 1920 1511 1982 καὶ
1584 1921 1766 1997 ὑμῖν,
1816 1922 1892 1993 ὡς
1931 1918 2284 1992 Ἀντυλλός
2333 1926 2556 1997 φησιν,
2604 1916 2703 1983 ἵνα

326 2024 538 2090 δοκῶσι
610 2022 1083 2098 Λακεδαιμόνιοι
1156 2023 1259 2087 κα)
1324 2030 1430 2089 τοῦ
1494 2032 1611 2090 τῶν
1658 2026 1992 2099 ’Λθηναίων
2039 2026 2411 2104 προνοεῖσθαι
2459 2024 2704 2105 συμφέ-

323 2155 537 2211 ροντος.
634 2129 803 2195 Satis
854 2128 1023 2194 levia
1083 2135 1147 2194 et
1212 2132 1428 2196 tenuia
1474 2132 1628 2196 haec
1674 2152 1808 2196 esse
1853 2135 2074 2217 putes,
2123 2131 2234 2196 sed
2272 2152 2422 2196 vera
2468 2136 2703 2195 tamen.

326 2236 537 2303 Aliter
606 2237 817 2300 visum
882 2225 1307 2321 Scholiastae,
1372 2239 1483 2321 qui
1548 2236 1819 2301 addidit:
1887 2238 1920 2311 ἢ
1971 2236 2480 2317 ἀμφοτέροις
2529 2235 2702 2312 λέγει

327 2346 356 2407 ε’
371 2369 400 2406 ν
470 2342 973 2420 ἀμφοτέροις
1041 2340 1073 2416 ἢ
1139 2341 1476 2423 διαφυγεῖν
1524 2342 1663 2415 τοὺς
1711 2340 1931 2422 ἀνδρας
1980 2343 2014 2418 ἢ
2068 2344 2622 2424 ἐκπολιορκηθῆναι,
2673 2338 2702 2405 ὃ

326 2449 457 2513 καὶ
526 2450 847 2526 μᾶλλον
917 2445 1131 2519 εἰκός
1204 2448 1394 2514 ἕσιν.
1491 2449 1683 2515 Haud
1755 2448 1893 2514 vidi
1947 2450 2177 2537 magis.
2230 2447 2408 2529 Quod
2457 2449 2706 2513 homini

326 2560 571 2634 μᾶλλον
621 2553 776 2625 εἰκός
826 2575 960 2619 esse
1003 2554 1258 2619 videtur
1304 2556 1642 2622 manifesto
1684 2561 1930 2644 pugnat
1968 2559 2032 2622 et
2071 2577 2218 2620 cum
2245 2552 2368 2621 loci
2392 2556 2706 2621 sententia

325 2670 389 2729 et
436 2683 585 2729 cum
623 2660 920 2747 loquendi
967 2681 1106 2725 usu.

416 2872 708 2960 Thucyd.
755 2870 864 2936 IV.
918 2869 1019 2935 19.
1071 2849 1159 2936 2.·
1185 2872 1292 2937 ἐὰν
1338 2872 1836 2950 ἀνταμυνόμενὸς
1885 2897 1977 2945 τις
2021 2873 2126 2938 καὶ
2172 2873 2590 2952 ἐπικρατήσας
2614 2877 2700 2940 τοὶ

326 2981 517 3046 πλείω
576 2983 683 3043 τοῦ
744 2978 1042 3054 πολεμίου
1110 2978 1281 3062 (libri
1345 2999 1564 3044 omnes
1630 2977 1929 3063 πολέμου)
1997 2980 2142 3043 κατ’
2183 2977 2465 3057 ἀνάγκην
2512 2977 2698 3060 ὅρκοις

325 3083 926 3166 ἐγκαταλαμβάνων
988 3085 1076 3161 μὴ
1135 3083 1259 3148 ἀπὸ
1304 3089 1411 3148 τοῦ
1460 3085 1589 3149 ἴσου
1634 3083 1877 3165 ξυμβῇ.
1976 3081 2348 3150 Coniunctis
2385 3085 2703 3173 Kruegeri

328 3200 391 3260 et
448 3191 860 3259 Herwerdeni
922 3192 1409 3256 correctionibus
1454 3189 1631 3256 locus
1678 3195 2048 3276 pel-sanatus
2093 3193 2214 3254 erit
2261 3193 2351 3254 sic
2394 3193 2702 3276 scriptus:

328 3301 435 3364 έάν
507 3295 921 3376 ’Λμυνόμενός
984 3321 1079 3368 τις
1148 3297 1563 3374 ἐπικρατήσας
1630 3296 1930 3384 (Krueg.)
1993 3297 2078 3359 τα
2123 3294 2315 3358 πλείω
2365 3305 2551 3360 TON
2600 3321 2704 3362 πο-

326 3407 598 3484 λέμιΟΝ
646 3403 1018 3488 (Herwerd.)
1068 3405 1213 3466 κατ’
1251 3401 1533 3479 ἀνάγκην
1584 3397 1772 3481 ὅρκοις
1820 3399 2354 3478 Καταλαμβάνων
2405 3401 2699 3490 (Krueg.)

327 3513 415 3586 μὴ
458 3513 583 3576 ἀπὸ
630 3517 735 3576 τοῦ
782 3507 911 3575 ῖσου
960 3506 1200 3590 ξυμβῇ.

418 3718 707 3804 Thucyd.
772 3717 887 3782 IV.
946 3719 1047 3783 19.
1098 3715 1419 3798 πεφύκασι
1466 3723 1591 3788 τοῖς
1640 3718 1754 3792 μὲν
1803 3715 2132 3780 ἑκουσίΩΟ
2181 3717 2440 3785 ἐνδοῦσιν
2481 3721 2701 3799 ἀνθησ·

326 3825 553 3889 σοῖο-θαι
614 3825 752 3902 μεθ’
818 3823 1055 3901 ἡδονῆς,
1108 3823 1249 3902 πρὸς
1298 3823 1359 3887 δὲ
1420 3823 1505 3886 τοὶ
1559 3823 2032 3903 ὑπεραυχοῦντα
2075 3822 2179 3888 καὶ
2231 3825 2404 3907 παρὰ
2451 3827 2702 3906 γνώμην

325 3930 803 3996 διακινδυνεύειν.
898 3928 1293 4014 Thucydidis
1355 3949 1578 3994 manus
1641 3937 1891 3994 servata
1943 3937 2036 3996 est
2081 3931 2146 3993 in
2191 3929 2466 3998 Bekkeri
2504 3935 2701 4000 Auec-

323 4041 475 4101 dotis
540 4058 688 4124 pag.
766 4031 915 4100 126.
996 4033 1055 4098 1.
1128 4041 1253 4105 τοῖς
1286 4035 1427 4118 ,μὲν
1486 4035 1758 4100 ἑκοῦσῙΝ
1821 4035 2098 4101 ἐνδοῦσιν.
2164 4031 2260 4100 Cf.
2307 4035 2426 4102 III.
2474 4035 2580 4104 39.
2635 4037 2697 4106 ’7.

324 4146 371 4208 εἰ
425 4182 507 4192 -
557 4151 683 4213 τοῖς
747 4143 1067 4206 ἑκοῦσιν
1128 4139 1404 4206 ἀποςᾶσι
1468 4140 1585 4211 τὰς
1648 4141 1851 4212 αὐτας
1896 4139 2120 4220 ζημίας
2171 4141 2536 4220 προθήσετε,
2584 4146 2700 4210 ubi

321 4249 675 4314 Scholiasta
754 4247 1237 4332 interpretatur:
1322 4252 1446 4317 τοῖς
1520 4245 1799 4318 ἑκουσίως
1869 4249 2196 4314 ἀποςάσιν.
2293 4245 2700 4336 Thucydides

322 4357 489 4420 enim
557 4354 839 4418 dicebat:
902 4353 953 4416 οί
1015 4349 1252 4420 ἑκόντες
1319 4349 1581 4421 ἐνδόντες
1651 4351 1756 4416 vel
1805 4351 2158 4426 ἀποςάντες
2182 4399 2198 4428 ,
2245 4349 2544 4420 Graeculi
2587 4377 2700 4442 pro

320 4458 554 4532 ἑκόντες
602 4459 992 4543 usurpabant
1030 4456 1328 4526 ἑκουσίως.

2339 4575 2403 4626 88
