3369 5142
1347 320 1765 377 mummius.
2620 306 2748 375 453

455 498 747 586 Thucyd.
816 496 925 563 IV.
996 496 1101 563 48.
1168 496 1230 563 6.
1298 498 1359 570 ἐς
1409 499 1519 572 τὴν
1570 498 1864 565 Σικελίαν
1906 500 2204 577 ἽΝΑπ-ερ
2251 498 2320 562 τὸ
2365 500 2595 579 πρῶτον
2643 497 2745 577 ὤρ-

362 630 553 682 μηντο
602 608 1141 679 ἀποπλεύσαντες.
1195 610 1259 669 et
1306 625 1440 689 cap.
1484 604 1587 671 ¹74.
1634 604 1934 683 ἼΝΑπ-ερ
1977 606 2082 670 καὶ
2122 606 2190 670 τὸ
2232 609 2460 683 πρῶτον
2485 602 2742 684 ὥρμητο.

362 710 598 796 Aperte
646 714 1021 777 mendosum
1070 717 1166 777 est
1213 708 1463 794 ἵναπερ,
1511 712 1576 775 id
1627 717 1723 776 est
1769 708 1953 787 ὅπου,
2007 714 2140 797 ubi,
2189 717 2264 777 ut
2307 715 2373 776 in
2423 712 2649 777 scolio:

866 817 1059 891 νήσοις
1111 818 1163 881 δ’
1212 818 1271 880 ἕν
1318 814 1611 894 μακάρων
1661 816 1730 881 σέ
1777 822 1973 897 φασιν
2025 814 2177 882 εἶναι

869 921 1079 1003 ἵναπερ
1121 922 1389 998 ποδώκης
1439 924 1766 1000 Ἀχιλεύς.

450 1030 907 1115 Reponendum
954 1028 1293 1113 utrobique
1332 1029 1603 1092 arbitror
1650 1028 2043 1107 ’ΘΝΘΑπ-ερ.

454 1242 742 1327 Thucyd.
811 1240 919 1305 IV.
994 1240 1097 1305 50.
1164 1240 1225 1305 3.
1289 1239 1607 1317 πυθόμενοι
1673 1239 1881 1304 αὐτόθι
1940 1240 2274 1327 [βασιλέα]
2333 1240 2744 1323 Ἀρταξέρξην

364 1350 465 1411 τὸν
516 1345 728 1427 Ξέρξου
776 1348 945 1415 νεωςὶ
994 1346 1348 1421 τεθνηκότα.
1434 1344 1854 1413 Vehementer
1896 1348 2060 1411 mihi
2108 1347 2183 1412 de
2228 1349 2451 1414 fraude
2497 1370 2748 1435 suspee-

364 1460 507 1519 tum
559 1458 655 1518 est
702 1451 991 1517 additum
1040 1450 1338 1531 βασιλέα.

455 1664 748 1751 Thucyd.
811 1663 915 1729 IV.
986 1662 1090 1728 50.
1142 1663 1205 1727 2.
1254 1664 1307 1727 οἱ
1355 1663 1658 1737 Ἀθηναῖοι
1707 1666 1825 1735 τὰς
1875 1664 2168 1735 ἐπιτολὰς
2218 1704 2302 1712 —-
2352 1664 2744 1745 άνέγνωσαν,

368 1774 427 1835 ἐν
498 1766 595 1839 αἷς
662 1810 745 1819 -
810 1768 1158 1847 κεφάλαιον
1217 1764 1284 1841 ἦν
1330 1770 1543 1853 [πρὸς]
1594 1769 2117 1845 Λακεδαιμονίους
2164 1772 2230 1834 οὐ
2278 1770 2642 1847 γιγνώσκειν
2687 1768 2749 1849 δ’,

365 1901 425 1941 τι
474 1877 837 1955 βούλονται·
885 1882 1127 1940 πολλῶν
1177 1876 1301 1953 γὰρ
1341 1874 1629 1939 ἐλθόντων
1670 1876 1984 1953 πρέσβεων
2021 1875 2232 1940 οὐδένα
2271 1877 2481 1942 ταῦτα
2523 1878 2748 1954 λέγειν.

366 1982 752 2049 Herwerden
825 1982 968 2062 πρός
1034 1983 1343 2069 expungit
1407 1986 1469 2046 et
1531 1987 1829 2046 annotat:
1903 1983 2258 2065 „suffectum
2317 1984 2480 2047 verbi
2530 1984 2753 2061 γιγνώ-

369 2114 531 2155 σκειν
602 2100 689 2153 εει
734 2089 1039 2167 βασιλεύς
1074 2088 1247 2152 Nom.
1298 2110 1347 2150 ο.
1397 2086 1607 2171 Ins.)''
1656 2087 1845 2171 idque
1893 2108 2118 2153 verum
2158 2109 2290 2154 esse
2336 2087 2462 2153 loci
2510 2093 2754 2153 senten-

370 2198 461 2260 tia
506 2194 761 2260 clamat.
835 2194 956 2259 Sed
1005 2196 1093 2257 sio
1138 2213 1251 2277 pro
1302 2191 1443 2269 πρός
1493 2213 1745 2257 neeesse
1788 2198 1882 2258 est
1922 2192 2062 2263 τούς
2103 2194 2509 2259 substituere.
2555 2191 2754 2258 Recta

368 2304 537 2388 regis
596 2302 796 2365 oratio
843 2306 969 2365 est:
1019 2298 1158 2368 τοὺς
1209 2298 1730 2367 Λακεδαιμονίους
1780 2302 1843 2363 οὐ
1893 2300 2217 2376 γιγνώσκω
2269 2294 2306 2361 ὅ
2325 2348 2341 2375 ,
2392 2322 2451 2361 τι
2500 2299 2752 2376 βούλον-

369 2431 495 2472 ται.
592 2404 853 2489 Semper
909 2408 977 2468 in
1038 2405 1155 2469 hac
1220 2406 1557 2468 verborum
1616 2406 2072 2489 compositione
2121 2406 2428 2469 articulus
2477 2405 2756 2469 additur.

370 2513 419 2578 I.
493 2511 597 2577 87.
666 2512 772 2575 οὐκ
834 2508 953 2590 ἔφη
1016 2506 1483 2586 διαγιγνώσκειν
1554 2510 1663 2583 την
1725 2510 1874 2586 βοὴν
1939 2508 2198 2588 ὁποτέρα
2249 2512 2492 2592 μείζων.
2541 2510 2590 2576 Ι.
2642 2509 2751 2576 88.

368 2619 740 2698 Φοβούμενοι
806 2619 940 2686 τοὺς
1007 2615 1362 2688 Ἀθηναίους
1412 2618 1499 2689 μὴ
1553 2616 1652 2679 ἐπ’)
1704 2615 1910 2695 μεῖζον
1957 2618 2272 2690 δυνηθῶσιν
2348 2619 2437 2681 ΙΙ.
2487 2616 2590 2681 5¹7.
2642 2617 2756 2680 δεί-

370 2749 591 2796 σαντες
650 2724 751 2786 τὸν
812 2720 1061 2799 Ἀρις-έα
1122 2721 1209 2797 μὴ
1269 2715 1436 2790 αὖθις
1484 2726 1659 2800 σφᾶς
1706 2732 2036 2802 κακουργῇ.
2087 2721 2201 2786 IV.
2257 2720 2402 2787 108.
2455 2721 2557 2785 καὶ
2609 2722 2756 2792 τοὺς

370 2830 749 2909 ξυμμάχους
800 2829 1137 2906 ἐφοβοῦντο
1189 2827 1277 2902 μη
1328 2827 1655 2896 α’ποςῶσιν.
1709 2833 1774 2892 et
1819 2830 1910 2892 sio
1959 2827 2114 2892 alibi
2162 2831 2416 2912 passim.

460 3041 746 3126 Thucyd.
812 3037 919 3103 IV.
988 3036 1092 3102 51.
1156 3035 1575 3102 κελευσάντων
1625 3036 1956 3110 Ἀθηναίων
2009 3037 2180 3121 [καὶ]
2231 3036 2746 3101 ὑποπτευσάντων

376 3148 500 3231 [ἐς]
574 3148 795 3210 αὐτούς
868 3168 926 3207 τι
988 3152 1330 3220 νεωτεριεῖν.
1430 3143 1571 3207 Non
1631 3146 1785 3207 satis
1850 3149 1946 3207 est
1993 3143 2102 3206 καί
2148 3143 2391 3218 delere,
2445 3146 2640 3208 etiam
2695 3145 2756 3206 ἐς

371 3255 659 3337 spurium
708 3259 839 3316 est:
886 3249 1111 3321 αὐτούς
1161 3255 1255 3314 est
1296 3249 1437 3319 τοὺς
1481 3249 1676 3318 Χίους.
1721 3270 1846 3314 non
1885 3255 2176 3334 poterant
2209 3252 2382 3312 enim
2426 3250 2484 3319 ἐς
2530 3247 2761 3320 ἄλλους

371 3383 429 3423 τι
500 3355 857 3438 νεωτερίζειν
923 3355 1049 3420 nisi
1117 3355 1177 3425 ἐς
1247 3354 1389 3426 τοὺς
1463 3354 1852 3429 Ἀθηναίους,
1922 3360 1987 3418 et
2043 3375 2116 3419 eo
2181 3375 2368 3418 sensu
2416 3357 2477 3426 ἐς
2529 3355 2758 3426 αὐτούς

372 3467 585 3548 inepte
633 3463 1001 3529 abundaret.

462 3672 750 3757 Thucyd.
813 3670 921 3735 IV.
988 3669 1093 3735 53.
1152 3672 1457 3744 Ἀθηναῖοι
1509 3669 1569 3734 δὲ
1621 3707 1704 3718 —-
1757 3670 2096 3742 Μιλησίους
2147 3671 2250 3734 καὶ
2297 3669 2529 3743 ἄλλους
2581 3671 2752 3743 τινάς

374 3779 747 3856 άΓΛγόντες
817 3776 1193 3856 ἐςράτευσαν
1255 3776 1352 3839 ἐπὶ
1410 3777 1683 3854 Κύθηρα,
1735 3776 1866 3841 imo
1912 3797 2062 3842 vero
2101 3781 2442 3856 ”Aron-eq,
2502 3779 2580 3844 de
2627 3797 2750 3862 quo

376 3906 579 3954 errore
626 3904 817 3967 supra
859 3885 1245 3948 notavimus.

1869 4011 1888 4022 '
1936 4001 2008 4067 C.
2060 4001 2138 4069 G.
2193 4002 2486 4070 COBET.

1314 4125 1828 4210 (continuabitur).
