3369 5142
625 325 664 393 2
1647 341 1981 392 nummus.

617 543 718 590 τες
797 515 960 604 [καὶ]
1011 513 1600 596 προσεμβάλλοντές
1650 539 1791 578 τινα
1838 513 2155 590 βιβλίδια.
2246 513 2543 580 Ridicule
2587 515 2997 601 coniungitur

619 623 1029 692 κελεύσαντες
1091 621 1194 685 καὶ
1258 620 1884 706 προσεμβαλλοντες,
1948 626 2160 708 magis
2222 623 2418 686 etiam
2480 619 2749 686 ridicule
2810 640 2998 705 capsa

617 732 990 816 obsignatur
1059 729 1342 813 primum
1365 775 1380 804 ‚
1455 726 1678 792 deinde
1742 728 1809 791 in
1868 747 1941 792 ea
2002 726 2209 793 libelli
2267 726 2521 812 quidam
2570 731 2995 811 reponuntur,

619 835 786 922 quod
835 839 1050 899 contra
1099 835 1398 918 oportuit.
1492 831 1805 919 Expunge
1850 832 1961 898 καί
2008 838 2073 897 et
2118 833 2321 898 scribe
2366 831 2895 912 προεμβαλόντες.

705 1029 866 1118 Pag.
940 1025 1044 1096 87.
1119 1029 1273 1094 ἀλλ’
1345 1026 1532 1094 ἄκουε
1594 1028 1741 1108 μὲν,
1814 1027 2131 1114 ΕΤςοὶθιε,
2193 1028 2783 1112 συμμαρτυρούντων
2836 1027 2897 1094 δὲ
2946 1027 2998 1093 οἱ

621 1135 939 1218 παρόντες.
1035 1135 1302 1222 Supple:
1359 1133 1542 1200 ἄκουε
1587 1135 1701 1214 μὲν
1754 1145 1892 1215 CT,
1947 1135 2230 1204 Εὐςοέθιε.

1860 1301 1888 1328 Ι

707 1349 870 1437 Pag.
922 1346 1025 1415 37.
1080 1349 1202 1427 ἐγὼ
1249 1347 1312 1412 δὲ
1360 1347 1462 1412 καὶ
1514 1345 1859 1426 ἐβουλόμην
1905 1348 2019 1425 μὲν
2066 1347 2259 1413 εἰπεῖν
2297 1348 2381 1414 τὰ
2422 1349 2564 1413 κατ’
2606 1347 2884 1426 ἐμαυτήν
2915 1381 2997 1394 -

617 1452 760 1520 εἷτα
799 1456 1276 1530 ἐπισκοπήσασα
1317 1455 1400 1533 τῷ
1449 1453 1618 1534 λόγῳ
1665 1453 1918 1535 βραχύν
1961 1477 2099 1520 τινα
2145 1454 2357 1534 χρόνον
2408 1491 2491 1503 -
2540 1456 2689 1520 α’λλ’
2740 1455 2768 1519 ὃ
2818 1452 2999 1536 ἐμὸς,

611 1560 1083 1645 ἀνεφθέγξατο,
1136 1560 1263 1632 θεὸς
1311 1584 1391 1637 με
1441 1561 1678 1626 κωλύει.
1744 1559 1921 1625 Haec
1966 1562 2060 1625 ita
2106 1561 2545 1627 constituenda
2590 1582 2724 1626 esse
2770 1561 2994 1626 viden·

619 1673 754 1734 tur:
821 1668 940 1746 ἐγὼ
1003 1667 1066 1732 δὲ
1131 1667 1476 1744 ἐβουλόμην
1537 1667 1650 1744 μὲν
1713 1665 1788 1731 ἂν
1838 1667 2031 1730 εἰπεῖν
2078 1668 2180 1730 καὶ
2229 1669 2313 1731 τοὶ
2363 1665 2513 1733 κατ’
2564 1668 2877 1745 ἐμαυτήν,
2934 1669 3001 1732 et

617 1795 731 1860 pro
779 1773 1258 1846 ἔπισκοπήσασα
1303 1775 1694 1857 reposuerim
1741 1772 2241 1848 ε’πισιωπήσασα.
2290 1773 2367 1838 In
2414 1774 2595 1840 libris
2642 1793 2765 1838 non
2811 1771 2999 1838 facile

621 1886 716 1947 est
763 1905 829 1945 κο
877 1885 941 1945 et
989 1903 1051 1942 ιω
1100 1879 1468 1946 discernere.
1519 1880 1919 1944 Ἐπισκοπεῒν
1967 1879 2051 1958 τῷ
2101 1879 2267 1960 λόγῳ
2314 1879 2480 1945 nihil
2526 1885 2622 1946 est
2669 1885 2733 1945 et
2793 1879 3001 1944 Euna-

623 1988 769 2072 pius
815 1984 1283 2066 ἐπισκεφαμένη
1334 1985 1630 2069 dixisset,
1677 2004 1799 2049 non
1851 1985 2349 2061 ἔπισκοπήσασα.

710 2092 1233 2166 Ἐπισιωπήσασα
1277 2091 1361 2172 τῷ
1410 2091 1575 2170 λόγῳ
1624 2095 1719 2155 est
1753 2097 2057 2176 postquam
2096 2114 2167 2154 ea
2205 2093 2365 2154 dixit
2402 2093 2769 2177 aliquamdiu
2792 2097 2997 2170 tacuit,

623 2202 808 2266 ταῦτ’
857 2201 1118 2265 εἰποῦσα
1164 2197 1417 2280 βραχύν
1464 2219 1600 2262 τινα
1647 2195 1857 2279 χρόνον
1906 2198 2258 2271 ἐσιώπησεν.

715 2413 874 2500 Pag.
942 2410 1050 2478 37.
1145 2410 1467 2495 Sosipatra
1527 2428 1731 2494 quum
1790 2412 1999 2476 nescio
2065 2410 2220 2496 quid
2277 2413 2627 2477 vaticinata
2687 2416 2851 2476 esset
2916 2447 2997 2458 —

623 2518 874 2603 ἀπέβη,
936 2520 1186 2604 inquit,
1254 2515 1530 2597 καθάπερ
1594 2513 2012 2594 γεγενημένα.
2108 2515 2310 2583 Sensu
2369 2517 2523 2584 haec
2582 2536 2783 2585 vacua
2828 2518 2994 2582 sunt.

619 2624 1054 2712 Intelligerem
1103 2622 1380 2704 καθάπερ
1429 2620 1496 2699 ἦν
1542 2620 1848 2704 εἰρημένα.

715 2838 874 2925 Pag.
942 2832 1048 2899 38.
1114 2836 1219 2899 οὐκ
1283 2830 1408 2903 ἔςιν
1453 2828 1577 2906 ὅςις
1631 2833 1723 2920 (οὐ
1774 2833 1953 2899 addit
2000 2831 2480 2921 Wyttenbaeh.)
2526 2834 2637 2909 την
2688 2834 2746 2899 ἕν
2795 2832 3000 2912 λόγοις

624 2945 947 3027 ἀκρίβειαν
996 2939 1323 3006 ΛὶδεσΙΟΤ
1375 2938 1814 3019 ΠΕΡιηγοέπ-α.
1912 2939 2203 3027 Ineptum
2250 2942 2520 3007 verbum
2570 2946 2664 3007 est
2702 2946 2767 3006 et
2808 2938 3004 3007 Grae-

624 3055 717 3119 eis
764 3050 1024 3116 auribus
1066 3045 1432 3112 inauditum
1477 3050 1907 3127 περιαγαπᾶν.
2002 3045 2235 3112 Contra
2282 3050 2571 3113 omnium
2616 3068 2737 3113 usu
2776 3046 3005 3111 teritur

625 3159 832 3224 forma
877 3174 1037 3240 quae
1085 3174 1162 3218 ex
1208 3151 1477 3239 vulgata
1523 3152 1801 3238 pellucet
1847 3152 2301 3235 Ὕπερηγοὶπα,
2354 3159 2428 3218 ut
2472 3174 2621 3241 pag.
2672 3150 2781 3219 67.
2828 3151 3005 3217 ἐθαύ-

628 3262 791 3345 μαζε
842 3260 947 3325 καὶ
1000 3256 1401 3339 ὑπερηγάπα.

718 3469 876 3556 Pag.
953 3466 1060 3533 39.
1135 3461 1460 3547 ὑπέρογκος
1531 3466 1604 3531 ὤν
1669 3504 1751 3517 -—
1817 3463 1907 3533 ὅτι
1970 3468 2133 3555 [καὶ]
2203 3468 2319 3533 ὑπὸ
2376 3468 2665 3545 τοιαύτης
2712 3471 3002 3549 γυναικὸς

628 3580 892 3642 τοιαῦτα
937 3572 1328 3643 §ments-mo.
1427 3572 1608 3640 'I'olle
1651 3573 1991 3641 molestam
2037 3574 2350 3661 copulam.

719 3790 879 3877 Pag.
946 3785 1057 3853 45.
1117 3784 1255 3851 ἀντὶ
1317 3790 1434 3849 τῶν
1495 3792 1875 3850 ΝΟΗΤΩΝ
1928 3786 2065 3851 θεῶν
2112 3787 2196 3860 εἷς
2245 3785 2630 3868 ἀνδραπόδων
2680 3786 3003 3869 θεραπείας
3048 3788 3053 3793 ’

629 3937 716 3947 -
743 3892 1210 3968 καταδησαντες
1261 3892 1332 3955 τὸ
1380 3890 1757 3985 ἀνθρώπινον.
1809 3892 1948 3957 Θεοὶ
1998 3895 2195 3968 νοητοί
2239 3913 2481 3959 novum
2529 3898 2595 3959 et
2638 3894 3003 3960 inauditum

628 4009 724 4071 est
771 4002 1032 4068 deorum
1081 4018 1320 4086 genus,
1371 3996 1480 4063 sed
1528 4001 1601 4061 tu
1647 4008 1875 4083 repone
1920 4000 2055 4064 ἀντὶ
2105 4005 2220 4065 τῶν
2260 4002 2618 4065 ὍΝΤΩΝ
2666 4000 2827 4065 θεῶν.

716 4214 874 4301 Pag.
950 4208 1058 4275 46.
1122 4208 1276 4275 ἀλλ’
1343 4207 1726 4289 ’Ῑαμβλιχος
1787 4210 1900 4288 μὲν
1944 4210 2031 4275 τοὶ
2080 4209 2357 4291 παρόντα
2404 4212 2606 4295 δεινοὶ,
2656 4214 3004 4285 Ἀντωνῖνος

627 4322 688 4387 δὲ
750 4320 837 4386 τὰ
897 4317 1215 4396 μέλλοντα
1279 4315 1586 4394 προεῖδεν,
1651 4318 1967 4381 sententia
2022 4316 2181 4381 duee
2236 4317 2698 4402 supplendum:
2748 4318 2833 4382 τὰ
2882 4342 3007 4383 πα-

627 4428 804 4512 ρόντα
874 4422 1040 4490 δεινοὶ
1099 4430 1352 4489 ΕΙΔΕΝ
1376 4470 1393 4501 ,
1445 4424 1792 4495 Ἀντωνῖνος
1845 4422 1907 4487 δὲ
1954 4422 2039 4487 τὰ
2086 4422 2402 4501 μέλλοντα
2455 4424 2739 4505 προεῖδεν.
2840 4424 3004 4489 Iam-
