3369 5142
563 286 654 355 88
1541 302 1964 355 mucronum.

551 473 782 547 Ἰωνίας
829 474 936 539 καὶ
982 474 1448 550 Ἑλλησπόντου
1493 472 1893 562 [ξύμμαχοι]
1934 513 2018 527 --
2062 476 2502 555 ὑπομείναντες
2555 476 2754 552 Σηςὸν
2798 474 2939 541 ἕπο-

555 580 843 660 λιόρκουν.
951 579 1265 668 Expunge
1355 580 1701 648 molestum
1784 580 2168 663 ξυμμάχους
2250 588 2315 649 et
2397 580 2755 663 ξύμμαχοι.
2870 580 2944 647 Si

553 686 978 774 Leotychides
1027 686 1166 759 τοὺς
1215 684 1598 769 ξυμμάχους
1643 685 1805 768 ἔχων
1848 689 2110 755 rediisse
2150 689 2417 755 domum
2458 688 2697 756 dicitur
2736 686 2941 754 videri

555 796 757 881 possit
815 813 962 859 suos
1007 794 1179 859 cives
1223 795 1292 857 in
1336 794 1493 859 Asia
1537 794 1868 880 reliquisse
1914 800 2161 881 praeter
2208 797 2483 861 auctoris
2529 796 2940 862 sententiam.

554 898 752 966 Recte
797 898 1035 964 dicitur
1079 898 1218 970 τοὺς
1269 898 1396 963 ἀπὸ
1443 902 1899 977 Πελοποννήσου
1944 902 2269 967 reduxisse
2288 950 2306 979 ‚
2351 902 2583 987 quibus
2622 920 2947 986 opponun-

559 1010 667 1071 tur
713 1005 763 1070 ol
809 1003 926 1072 ἀπ’
976 1002 1212 1077 Ἰωνίας
1260 1004 1367 1071 καὶ
1415 1006 1901 1080 Ἑλλησπόντου.

645 1212 937 1302 Thucyd.
1001 1213 1052 1281 1.
1117 1214 1226 1282 89.
1297 1221 1407 1283 τοῦ
1468 1216 1797 1297 περιβόλου
1856 1218 2118 1300 βραχέα
2176 1218 2403 1294 sicam
2467 1226 2597 1284 κΛΙ
2644 1215 2827 1283 οίκίαι
2878 1216 2943 1281 αί

561 1318 688 1397 μὲν.
733 1322 967 1387 πολλαὶ
1034 1322 1516 1409 ἐπεπτώκεσαν,
1580 1325 1795 1403 όλίγαι
1858 1323 1923 1389 δὲ
1986 1332 2304 1406 περιῆσαν.
2400 1322 2659 1410 Reponc
2704 1322 2810 1389 καὶ
2859 1331 2947 1388 ΔΙ

563 1426 767 1494 οἰκίαι.
858 1426 1176 1494 Usitatius
1237 1434 1333 1495 est
1395 1430 1500 1495 καὶ
1546 1434 1662 1495 τῶν
1707 1430 1904 1496 οἰκιῶν
1949 1432 2018 1495 αί
2065 1429 2209 1508 μέν,
2258 1430 2367 1496 sed
2414 1429 2654 1497 maluit
2700 1432 2953 1509 Ὁμηρι·

564 1538 680 1607 κῶς
723 1533 932 1599 dicere
977 1539 1085 1600 ut:

877 1641 960 1705 τὼ
1006 1639 1072 1705 δὲ
1118 1640 1224 1707 δύο
1270 1642 1548 1708 σκοπέλω
1595 1641 1667 1707 τὸ
1715 1643 1829 1719 μὲν
1876 1643 2121 1723 οὐρανὸν
2170 1642 2343 1724 εὐρὺν
2384 1640 2611 1709 ἵκανεν.

656 1743 856 1831 Saepe
923 1744 1330 1833 Thucydides
1375 1748 1494 1814 hac
1539 1751 2018 1834 compositionis
2062 1749 2271 1816 forma
2314 1751 2526 1815 utitur
2540 1796 2558 1827 ,
2617 1746 2825 1815 veluti
2868 1746 2952 1813 11.

566 1848 676 1916 95.
737 1850 839 1917 δύο
902 1850 1267 1932 ὑποσχέσεις
1313 1854 1423 1930 τὴν
1469 1855 1580 1930 μὲν
1630 1854 2002 1933 βουλόμενος
2048 1854 2446 1939 ἀναπρᾶξαι,
2496 1856 2606 1931 τὴν
2656 1854 2719 1919 δὲ
2764 1852 2953 1926 αὐτὸς

566 1956 896 2023 ἅποδοῦναι
916 2006 937 2043 ,
991 1962 1056 2023 et
1101 1961 1353 2046 saepius
1398 1958 1575 2026 alibi.

663 2167 953 2259 Thucyd.
1001 2170 1054 2237 Ι.
1102 2170 1211 2238 91.
1272 2170 1511 2237 κελεύει
1556 2172 1781 2245 αὐτοὺς
1813 2210 1896 2222 -
1922 2173 2177 2253 πέμψαι
2225 2173 2399 2256 σφῶν
2444 2174 2649 2239 αὐτῶν
2692 2171 2953 2257 ἄνδρας,

569 2274 780 2349 οἵτινες
841 2277 1084 2362 [χρῇς-οὶ
1134 2277 1268 2365 καὶ]
1325 2283 1514 2348 πιςῶς
1557 2278 2007 2357 ἀπαγγελοῦσι
2054 2278 2459 2359 σκεψάμενοι.
2551 2277 2955 2365 Quamquam

570 2381 752 2448 nullo
810 2389 996 2468 pacto
1053 2386 1416 2471 excogitare
1471 2403 1729 2469 possum
1793 2384 2107 2469 quomodo
2160 2386 2382 2466 χρηςοὶ
2430 2385 2543 2452 καί
2586 2383 2957 2469 interpolari

570 2490 851 2575 potuerit
870 2537 887 2567 ,
949 2493 1166 2555 tamen
1228 2492 1379 2576 quia
1431 2509 1687 2576 prorsus
1733 2491 1967 2555 absona
2012 2510 2087 2556 ea
2128 2491 2327 2559 verba
2369 2495 2521 2557 sunt
2567 2489 2958 2557 eliminanda

571 2615 806 2662 censeo.
901 2595 967 2662 Ν
969 2616 1049 2662 on
1115 2596 1402 2663 solebant
1461 2595 1670 2676 ἄνδρες
1734 2596 2065 2680 μοχθηροί,
2126 2597 2342 2681 credo,
2405 2596 2609 2684 legari
2670 2602 2737 2662 et
2800 2598 2957 2662 satis

573 2707 670 2768 est
713 2704 782 2767 in
828 2723 902 2768 ca
949 2723 1016 2767 re
1061 2706 1128 2767 et
1172 2703 1464 2768 omnibus
1509 2704 1825 2767 usitatum
1872 2703 2113 2768 dicere:
2163 2702 2433 2780 πέμπειν
2480 2701 2773 2784 πρέσβεις
2790 2751 2807 2779 ,
2849 2700 2957 2770 vel

571 2806 796 2889 ἄνδρας
816 2857 836 2893 ,
898 2805 1108 2878 οἵτινες
1172 2827 1323 2872 cum
1373 2807 1587 2874 futuro
1632 2805 1846 2882 οἵτινες
1894 2806 2248 2893 ἀξιώσουσι,
2294 2814 2765 2888 παρακαλοῦσι,
2815 2808 2951 2874 δια-

573 2911 854 2990 λέξονται
903 2917 1018 2979 aut
1063 2912 1274 2978 simile
1322 2913 1496 2998 quid.

661 3019 759 3086 De
815 3019 934 3085 hac
993 3021 1132 3105 ipsa
1193 3039 1260 3085 re
1305 3019 1582 3086 scribens
1627 3017 1961 3086 Cornelius
2006 3019 2219 3106 Nepos
2263 3023 2334 3086 in
2379 3020 2691 3087 Themist.
2747 3018 2809 3088 7.
2858 3023 2955 3087 ita

575 3125 766 3190 dicit:
813 3147 1058 3210 aequum
1101 3147 1225 3189 esec
1268 3125 1409 3189 illos
1453 3127 1626 3192 viros
1671 3126 1867 3192 bonos
1912 3127 2247 3212 nobilesque
2282 3127 2536 3205 mittere,
2572 3126 2787 3213 quibus
2804 3127 2959 3206 fidu

573 3231 907 3297 baberetur.
955 3300 958 3303 ,
997 3228 1220 3316 Itaque
1263 3227 1475 3303 οἵτινες
1521 3233 1743 3312 χρηςοί
1787 3234 1857 3296 in
1900 3252 2015 3297 suo
2060 3231 2227 3298 libro
2272 3235 2584 3318 repperit,
2634 3231 2746 3297 sed
2791 3232 2957 3299 vitia

574 3341 639 3402 et
706 3337 939 3403 menda
992 3333 1302 3403 Codicum
1363 3335 1759 3424 Thucydidis
1804 3335 2097 3404 Cornelio
2141 3337 2387 3424 Nepote
2432 3344 2584 3405 sunt
2630 3337 2957 3424 aliquanto

577 3445 956 3530 antiquiora.

666 3651 958 3739 Thucyd.
1009 3650 1062 3718 I.
1112 3651 1220 3718 91.
1269 3653 1378 3728 τὴν
1429 3689 1510 3702 -
1561 3649 1739 3716 πόλιν
1784 3647 1875 3715 ὅτ’
1922 3649 2110 3717 ἐδόκει
2157 3651 2432 3716 ἐκλιπεῖν
2478 3649 2725 3729 ἄμεινον
2772 3648 2951 3732 εἶναι,

575 3764 641 3825 ct
685 3764 827 3844 post
870 3777 1103 3844 pauca:
1152 3758 1344 3823 δοκεῖν
1386 3752 1485 3823 οὖν
1530 3759 1711 3839 σφίσι
1761 3756 1865 3820 καὶ
1916 3760 2015 3822 νῦν
2062 3753 2307 3833 ἄμεινον
2354 3752 2509 3822 εἶναι
2556 3761 2667 3834 τὴν
2717 3760 2947 3826 ἑαυτῶν

573 3865 752 3930 πόλιν
794 3873 1004 3944 τεῖχος
1055 3863 1242 3944 ἔχειν.
1289 3863 1658 3929 Badhamus
1703 3864 2006 3948 probante
2050 3861 2475 3930 Herwcrdeno
2514 3865 2613 3931 bis
2645 3867 2957 3952 expunxit

573 3969 820 4048 ἄμεινον
882 3966 1038 4034 εἶναι
1056 4019 1076 4054 ,
1135 3969 1304 4054 quod
1362 3969 1624 4035 fortasse
1683 3971 1891 4053 priore
1952 3967 2089 4035 loco
2146 3969 2361 4035 abesse
2405 3974 2655 4055 poterat
2700 3971 2811 4037 sed
2856 3992 2951 4038 se·

571 4076 776 4143 cundo
835 4075 974 4142 loco
1028 4078 1454 4141 necessarium
1513 4081 1630 4141 est.
1725 4072 1923 4140 Recte
1985 4076 2158 4140 enim
2220 4075 2455 4140 dicitur
2516 4073 2680 4152 ἔδοξε
2739 4085 2949 4157 τεῖχος

569 4193 647 4265 τῇ
693 4173 925 4249 ἑαυτῶν
971 4181 1144 4247 πόλει
1190 4180 1557 4261 περιβαλεῖν
1603 4185 1718 4246 aut
1762 4177 1924 4256 ἔδοξε
1969 4180 2080 4253 τὴν
2126 4180 2357 4246 ἑαυτῶν
2402 4180 2581 4247 πόλιν
2626 4181 2942 4263 τειχίζειν,

567 4291 678 4358 sed
745 4311 868 4357 nou
928 4291 1085 4355 item
1147 4286 1334 4353 ἐδόκει
1394 4289 1506 4363 τὴν
1567 4287 1799 4352 ἑαυτῶν
1860 4285 2039 4352 πόλιν
2099 4294 2311 4370 τεῖχος
2360 4286 2531 4368 ἔχειν
2577 4292 2715 4357 sive
2756 4314 2959 4357 τετει.

565 4399 804 4484 χίσθαι.
897 4395 1162 4486 Saepius
1207 4391 1407 4482 ἑδόκε,
1455 4391 1560 4462 vel
1603 4391 1769 4476 ἔδοξε
1816 4389 2061 4476 ἄμεινον
2110 4386 2285 4462 εἶναι,
