3369 5142
639 295 767 380 1‘72
1631 318 2058 381 mummia.

630 503 828 572 verba
887 501 1298 579 Ἀλκιβιάδην
1360 503 1491 568 κτὲ.
1584 501 1833 570 Collato
1882 509 2098 569 autem
2149 504 2376 588 capitis
2422 504 2745 589 sequentis
2791 501 2980 567 initio
3003 551 3021 578 ,

632 609 840 676 facilis
880 614 975 674 est
1012 609 1281 692 suspitio
1318 608 1747 694 supplendum
1774 628 1938 675 esse:
1969 610 2481 686 κοινολογούμενοι
2511 610 2782 688 ἑσκέψΛ
2807 616 2863 673 Ν
2885 616 2942 671 Τ
2965 616 3022 672 Ο

638 717 734 804 (τε
782 715 887 779 καὶ
938 713 1191 785 ἑαυτοὺς
1236 717 1854 794 παρεκελεύσΛΝΤ
1881 716 1962 802 O)
2015 714 2430 792 Ἀλκιβιάδην
2470 716 2602 782 xri.

726 818 885 885 VIII
934 818 1019 884 66
1069 825 1224 884 extr.
1278 821 1495 892 ἐνῆσαν
1544 822 1668 899 γὰρ
1719 815 1824 907 (τῷ
1876 822 2044 901 δήμῳ
2093 821 2258 904 scil.)
2309 823 2412 886 καὶ
2463 817 2560 893 οὓς
2608 822 2716 886 οὐκ
2757 819 2835 885 ἄν
2871 817 3022 884 ποτέ

636 949 728 1000 τις
794 924 941 1010 ᾤετο
1001 927 1061 1000 ἐς
1128 928 1507 1007 ὀλιγαρχίαν
1572 926 1945 1006 τραπέσθαι·
2003 927 2108 992 καὶ
2167 933 2236 993 τὸ
2287 926 2510 996 άπιςον
2553 923 2714 992 οὗτοι
2765 926 3022 1004 μέγιςον

636 1031 824 1114 πρὸς
888 1034 1075 1103 τοὺς
1127 1032 1476 1105 πολλοὺς
1545 1033 1871 1111 ἐποίησαν,
1925 1033 2030 1098 καὶ
2081 1041 2315 1103 πλεῖςα
2364 1039 2424 1106 ἐς
2473 1036 2583 1108 τὴν
2630 1038 2746 1097 τῶν
2795 1033 3024 1110 ὀλίγων

636 1138 1003 1220 ἀσφάλειαν
1066 1139 1399 1212 ὠφέλησαν
1447 1135 1711 1217 βέβαιον
1776 1142 1886 1215 τὴν
1943 1139 2204 1207 άπιςίαν
2263 1141 2347 1220 τῷ
2395 1139 2566 1220 δήμῳ
2614 1139 2758 1218 πρὸς
2810 1139 3022 1204 ἑαυτὸν

637 1245 1137 1320 καταςῆσαντες.
1232 1243 1438 1309 Sensu
1506 1266 1682 1311 cassa
1743 1253 1892 1310 sunt
1953 1247 2146 1311 verba
2208 1245 2312 1309 καὶ
2373 1282 2461 1295 -
2509 1245 2836 1323 ἐποίησαν,
2897 1247 3047 1311 nisi

639 1351 990 1434 corrigatur
1059 1350 1162 1414 καὶ
1233 1351 1303 1415 τὸ
1368 1348 1589 1419 ἄπιςον
1649 1347 1810 1416 οὗτοι
1858 1355 2114 1431 μέγιςον
2164 1352 2351 1432 πρὸς
2399 1353 2810 1428 ἀλλήλους
2861 1353 3021 1434 (sive

638 1461 783 1539 πρὸς
850 1457 1131 1534 ἑαυτοὺς)
1194 1464 1368 1528 τοῖς
1434 1467 1770 1528 πολλοῖς
1839 1459 2161 1533 ἐποίησαν,
2223 1461 2360 1524 sive
2419 1461 2556 1543 ipse
2613 1457 3021 1546 Thucydides

637 1564 793 1630 haec
838 1563 1085 1631 addidit
1130 1567 1266 1630 sive
1286 1615 1302 1648 ,
1353 1585 1513 1648 quae
1544 1563 1779 1630 Stahlii
1817 1570 1914 1629 est
1947 1566 2294 1648 sententia,
2335 1567 2644 1650 interpres
2683 1565 3020 1633 verborum

639 1669 903 1749 βέβαιον
964 1673 1074 1744 την
1138 1671 1399 1738 άπιςίαν
1449 1708 1532 1718 -
1585 1671 2087 1744 καταςήσαντες.
2185 1670 2404 1735 Deleri
2449 1677 2666 1737 tamen
2711 1691 2836 1736 non
2881 1689 3022 1754 pos·

638 1783 828 1853 sunt,
886 1780 1012 1842 nisi
1057 1776 1255 1842 simul
1304 1779 1626 1862 scripseris
1674 1777 1776 1840 καὶ
1831 1787 2062 1846 πλεῖςα
2115 1773 2334 1842 οὗτοι
2385 1779 2444 1848 ἐς
2495 1781 2604 1854 τὴν
2651 1777 2808 1853 xrs..
2855 1775 3021 1863 quod

638 1889 735 1950 est
783 1883 1093 1950 Classenii
1140 1889 1593 1970 argumentum
1642 1889 1860 1948 contra
1907 1883 2142 1950 Stahlii
2189 1884 2524 1952 athetesin.
2619 1879 2622 1883 ’

728 1988 887 2056 VIII
936 1987 1042 2065 67,
1094 1987 1155 2053 2.
1206 1988 1243 2066 ξ
1258 1987 1595 2071 υνέκλησ
1620 2014 1709 2054 αν
1757 1991 1866 2062 την
1915 1990 2247 2062 ἐκκλησίαν
2290 1990 2350 2060 ἐς
2393 1993 2494 2056 τὸν
2534 1987 2824 2055 Κολωνόν.
2863 1985 3020 2054 Gur·

639 2099 771 2162 tius
816 2094 991 2160 Hist.
1042 2092 1152 2160 Gr.
1205 2092 1269 2159 II
1320 2094 1470 2172 704,
1519 2094 1816 2160 laudatus
1863 2093 2186 2161 Classenio
2237 2095 2522 2183 „Wegen
2563 2096 2673 2160 der
2707 2095 2890 2160 Nahe
2914 2093 3022 2158 des

642 2200 1067 2282 „feindliche'n
1136 2198 1377 2266 Heeres
1444 2202 1513 2265 in
1581 2199 1888 2267 Dekeleia
1955 2201 2244 2266 bedurfte
2309 2221 2376 2266 es
2439 2201 2579 2267 hier
2615 2202 2786 2266 eines
2835 2199 3021 2286 abge-

642 2309 1074 2392 „schlossenes
1120 2307 1433 2372 Raumes.
1482 2307 1613 2373 und
1660 2307 1864 2372 dieser
1909 2306 2256 2373 Abschluss
2303 2307 2540 2373 konnte
2587 2307 2819 2372 wieder
2862 2306 3020 2371 dazu

641 2419 944 2497 „benutzt
1012 2415 1263 2480 werden
1331 2417 1504 2479 einer
1567 2437 1643 2479 zu
1707 2433 1966 2502 grossen
2029 2413 2429 2502 Anhaufung
2491 2435 2612 2479 von
2675 2411 3021 2478 Menschen

640 2523 1129 2611 „vorzubeugen
1190 2520 1323 2587 und
1386 2521 1706 2608 unruhige
1770 2519 2087 2585 Austritte
2151 2539 2228 2585 zu
2276 2517 2714 2585 verhindem.”
2805 2517 2877 2583 In
2921 2538 3019 2584 co-

636 2634 823 2699 mitia
869 2632 1209 2697 etiamtum
1260 2628 1558 2693 omnibus
1607 2626 1857 2692 civibus
1904 2628 2118 2691 venire
2175 2624 2444 2709 licebat,
2479 2646 2592 2691 nec
2633 2646 3019 2709 quemquam

638 2738 970 2806 excludere
1036 2738 1137 2799 ius
1198 2740 1311 2800 aut
1372 2735 1465 2800 fas
1526 2738 1700 2809 erat,
1769 2738 1831 2797 et
1890 2734 1942 2797 si
1992 2731 2145 2817 quid
2192 2730 2458 2817 periculi
2504 2733 2938 2797 imminuisset
2981 2751 3018 2797 a

633 2845 1185 2920 Lacedaemoniis,
1258 2840 1431 2907 haud
1502 2840 1694 2905 dubie
1755 2860 1878 2904 non
1941 2836 2162 2904 Coloni
2225 2837 2333 2903 sed
2381 2840 2548 2903 intra
2596 2858 2814 2903 muros
2863 2838 3014 2903 haec

636 2954 896 3018 comitia
950 2951 1354 3025 habuissent,
1416 2952 1491 3011 ut
1548 2952 1792 3011 taceam
1841 2964 1916 3009 eo
1961 2964 2146 3009 sensu
2197 2946 2505 3008 Graecum
2553 2962 2686 3009 esse
2732 2942 3016 3022 ξυνέκλη-

638 3080 755 3122 σαν
818 3058 958 3129 τοὺς
1022 3053 1541 3135 ἐκκλησιάζοντας
1610 3051 1774 3137 (sive
1835 3049 1938 3114 τὸν
1999 3050 2213 3134 δῆμον)
2274 3048 2334 3119 ἐς
2378 3048 2483 3113 τὸν
2531 3048 2840 3126 Κολωνόν,
2886 3070 3011 3114 non

638 3166 748 3239 τὴν
829 3162 1179 3237 ἐκκλησίαν.
1276 3161 1483 3242 Quare
1566 3156 1944 3239 ξυνέκλησαν
2015 3156 2431 3240 depravatum
2505 3175 2638 3219 esse
2707 3155 3014 3240 hodieque

636 3269 837 3335 habeo
906 3271 1460 3355 persuasissimum
1530 3272 1595 3331 et
1663 3262 2110 3350 corrigendum
2181 3282 2314 3326 esse
2395 3258 3010 3339 ξυνεκάλεσαν,

636 3374 807 3461 quod
876 3374 1307 3461 reponendum
1376 3374 1563 3439 docui
1632 3372 1803 3434 Stud.
1873 3370 2048 3433 Thac.
2112 3388 2173 3453 p.
2244 3367 2372 3432 106
2435 3390 2698 3434 monens
2761 3371 2870 3457 agi
2939 3366 3016 3433 de

636 3484 915 3550 comitiis
962 3481 1502 3555 extraordinariis,
1554 3499 1716 3563 quae
1761 3474 2114 3553 ξύγκλητον
2163 3474 2498 3548 ἐκκλησίαν
2545 3473 2824 3540 audiisse
2872 3494 3014 3539 con-

638 3594 794 3667 stet,
849 3595 913 3653 et
960 3587 1345 3653 deteriorum
1394 3584 1790 3670 quorundam
1837 3581 2148 3647 librorum
2189 3578 2528 3647 lectionem
2570 3577 3015 3657 ξυνέλεξαν

637 3699 954 3786 genuinae
1000 3697 1346 3780 scripturae
1394 3712 1526 3756 esse
1573 3689 1914 3777 glossema.

727 3800 897 3868 VIII
946 3798 1029 3864 69
1079 3804 1238 3865 extr.
1295 3795 1728 3878 Quadrinqenti
1764 3814 1920 3859 cum
1970 3798 2361 3859 armatorum
2409 3796 2718 3859 iuvenum
2765 3798 3018 3859 caterva

638 3907 947 3983 ἕπέςησαν
994 3912 1117 3977 τοῖς
1166 3906 1289 3969 άπὸ
1340 3906 1445 3966 τοῦ
1498 3899 1868 3988 (articulum
1915 3900 2130 3964 abesse
2179 3897 2431 3981 malim)
2477 3896 2716 3978 κυάμου
2757 3898 3014 3977 βουλευ-

638 4022 780 4087 ταῖς
844 4008 1004 4078 οὖσιν
1066 4010 1126 4074 ἐν
1186 4011 1268 4089 τῷ
1330 4006 1768 4085 βουλευτηρίῳ,
1837 4005 1942 4069 καὶ
1991 4000 2159 4069 εἷπον
2211 4006 2420 4075 αὐτοῖς
2471 3994 2706 4081 §Stiuas
2741 4006 3012 4083 λαβοῦσι

637 4126 741 4192 τὸν
786 4118 1031 4200 μισθόν·
1084 4115 1359 4197 ἔφερον
1407 4115 1467 4177 δὲ
1518 4113 1728 4185 αὐτοῖς
1779 4116 1884 4175 τοῦ
1937 4110 2266 4175 ὑπολοίπου
2307 4109 2523 4191 χρόνου
2565 4114 2794 4182 παντὸς
2841 4108 3011 4174 αὐτοὶ

640 4228 745 4296 καὶ
796 4228 1047 4307 ἐξιοῦσιν
1094 4221 1386 4287 ἐδίδοσαν.
1438 4218 1688 4284 Ultima
1731 4219 1926 4283 verba
1971 4220 2063 4282 sic
2109 4219 2630 4303 interpretantur:
2686 4220 3016 4303 afferebant

640 4344 832 4401 autem
886 4334 969 4397 iis
1013 4330 1235 4415 reliqui
1278 4328 1467 4393 omnis
1513 4325 1788 4409 temporis
1838 4325 1906 4411 (i.
1934 4346 1988 4389 e.
2041 4327 2240 4388 trium
2289 4328 2644 4407 quatuorve
2692 4326 3014 4388 mensium

642 4444 814 4521 anni,
860 4443 927 4504 in
976 4458 1167 4524 quem
1216 4436 1403 4500 creati
1455 4434 1728 4520 fuerant)
1779 4433 2088 4495 mercedem
2135 4440 2193 4494 et
2241 4434 2583 4493 exeuntibus
2629 4430 2871 4494 daem.
2925 4428 3016 4493 At
