<?xml version="1.0" encoding="UTF-8"?>
<!DOCTYPE html PUBLIC "-//W3C//DTD XHTML 1.0 Transitional//EN"
    "http://www.w3.org/TR/xhtml1/DTD/xhtml1-transitional.dtd">
<html xmlns="http://www.w3.org/1999/xhtml" xml:lang="en" lang="en">
 <head>
  <title>
</title>
<meta http-equiv="Content-Type" content="text/html;charset=utf-8" />
  <meta name='ocr-system' content='tesseract 3.04.00' />
  <meta name='ocr-capabilities' content='ocr_page ocr_carea ocr_par ocr_line ocrx_word'/>
</head>
<body>
  <div class='ocr_page' id='page_1' title='image "./mnemosynevolume01verdgoog_0203.png"; bbox 0 0 3369 5142; ppageno 0'>
   <div class='ocr_carea' id='block_1_1' title="bbox 1418 316 2728 382">
    <p class='ocr_par' dir='ltr' id='par_1_1' title="bbox 1418 316 2728 382">
     <span class='ocr_line' id='line_1_1' title="bbox 1418 316 2728 382; baseline 0 0"><span class='ocrx_word' id='word_1_1' title='bbox 1418 333 1661 382; x_wconf 73' lang='lat' dir='ltr'><strong>emano.</strong></span> <span class='ocrx_word' id='word_1_2' title='bbox 2607 316 2728 382; x_wconf 88' lang='grc'><strong>191</strong></span> 
     </span>
    </p>
   </div>
   <div class='ocr_carea' id='block_1_2' title="bbox 323 505 2736 1968">
    <p class='ocr_par' dir='ltr' id='par_1_2' title="bbox 338 505 2736 803">
     <span class='ocr_line' id='line_1_2' title="bbox 338 505 2732 595; baseline 0.001 -24"><span class='ocrx_word' id='word_1_3' title='bbox 338 513 438 572; x_wconf 72' lang='lat' dir='ltr'><strong>sit.</strong></span> <span class='ocrx_word' id='word_1_4' title='bbox 484 507 821 592; x_wconf 81' lang='lat' dir='ltr'><strong>Expuncta</strong></span> <span class='ocrx_word' id='word_1_5' title='bbox 864 511 1205 595; x_wconf 78' lang='lat' dir='ltr'><strong>negatione</strong></span> <span class='ocrx_word' id='word_1_6' title='bbox 1250 511 1614 572; x_wconf 79' lang='lat' dir='ltr'><strong>renascetur</strong></span> <span class='ocrx_word' id='word_1_7' title='bbox 1659 525 1813 570; x_wconf 86' lang='lat' dir='ltr'><strong>sana</strong></span> <span class='ocrx_word' id='word_1_8' title='bbox 1859 509 1924 570; x_wconf 88' lang='lat' dir='ltr'><strong>et</strong></span> <span class='ocrx_word' id='word_1_9' title='bbox 1971 526 2123 572; x_wconf 86' lang='lat' dir='ltr'><strong>vera</strong></span> <span class='ocrx_word' id='word_1_10' title='bbox 2169 505 2480 571; x_wconf 84' lang='lat' dir='ltr'><strong>sententia</strong></span> <span class='ocrx_word' id='word_1_11' title='bbox 2503 553 2521 583; x_wconf 89' lang='lat'><em>,</em></span> <span class='ocrx_word' id='word_1_12' title='bbox 2571 527 2732 592; x_wconf 88' lang='lat' dir='ltr'><strong>quae</strong></span> 
     </span>
     <span class='ocr_line' id='line_1_3' title="bbox 340 613 2736 697; baseline -0.001 -19"><span class='ocrx_word' id='word_1_13' title='bbox 340 613 495 678; x_wconf 79' lang='lat' dir='ltr'><strong>haec</strong></span> <span class='ocrx_word' id='word_1_14' title='bbox 558 620 679 678; x_wconf 82' lang='lat' dir='ltr'><strong>est:</strong></span> <span class='ocrx_word' id='word_1_15' title='bbox 745 614 904 677; x_wconf 73' lang='lat' dir='ltr'><strong>nihil</strong></span> <span class='ocrx_word' id='word_1_16' title='bbox 961 623 1047 679; x_wconf 76' lang='lat' dir='ltr'><strong>est</strong></span> <span class='ocrx_word' id='word_1_17' title='bbox 1111 623 1232 678; x_wconf 82' lang='lat' dir='ltr'><strong>tam</strong></span> <span class='ocrx_word' id='word_1_18' title='bbox 1278 613 1543 676; x_wconf 79' lang='lat' dir='ltr'><strong>acerbum</strong></span> <span class='ocrx_word' id='word_1_19' title='bbox 1594 615 1753 696; x_wconf 81' lang='lat' dir='ltr'><strong>quod</strong></span> <span class='ocrx_word' id='word_1_20' title='bbox 1795 633 1913 675; x_wconf 79' lang='lat' dir='ltr'><strong>non</strong></span> <span class='ocrx_word' id='word_1_21' title='bbox 1959 635 2140 697; x_wconf 78' lang='lat' dir='ltr'><strong>aequo</strong></span> <span class='ocrx_word' id='word_1_22' title='bbox 2189 618 2382 676; x_wconf 73' lang='lat' dir='ltr'><strong>aniano</strong></span> <span class='ocrx_word' id='word_1_23' title='bbox 2412 618 2619 695; x_wconf 84' lang='lat' dir='ltr'><strong>feram</strong></span> <span class='ocrx_word' id='word_1_24' title='bbox 2667 637 2736 677; x_wconf 79' lang='lat' dir='ltr'><strong>ea</strong></span> 
     </span>
     <span class='ocr_line' id='line_1_4' title="bbox 340 720 1471 803; baseline -0.002 -20"><span class='ocrx_word' id='word_1_25' title='bbox 340 720 675 783; x_wconf 78' lang='lat' dir='ltr'><strong>conditione</strong></span> <span class='ocrx_word' id='word_1_26' title='bbox 722 731 791 782; x_wconf 81' lang='lat' dir='ltr'><strong>ut</strong></span> <span class='ocrx_word' id='word_1_27' title='bbox 835 721 945 783; x_wconf 73' lang='lat' dir='ltr'><strong>ille</strong></span> <span class='ocrx_word' id='word_1_28' title='bbox 989 726 1141 784; x_wconf 79' lang='lat' dir='ltr'><strong>idem</strong></span> <span class='ocrx_word' id='word_1_29' title='bbox 1174 725 1471 803; x_wconf 78' lang='lat' dir='ltr'><strong>patiatur.</strong></span> 
     </span>
    </p>

    <p class='ocr_par' dir='ltr' id='par_1_3' title="bbox 323 824 2736 1968">
     <span class='ocr_line' id='line_1_5' title="bbox 430 824 2732 913; baseline 0 -22"><span class='ocrx_word' id='word_1_30' title='bbox 430 824 784 892; x_wconf 85' lang='lat' dir='ltr'><strong>Mirificum</strong></span> <span class='ocrx_word' id='word_1_31' title='bbox 828 831 923 892; x_wconf 88' lang='lat' dir='ltr'><strong>est</strong></span> <span class='ocrx_word' id='word_1_32' title='bbox 957 828 1077 893; x_wconf 87' lang='lat' dir='ltr'><strong>hoc</strong></span> <span class='ocrx_word' id='word_1_33' title='bbox 1120 829 1345 892; x_wconf 87' lang='lat' dir='ltr'><strong>erroris</strong></span> <span class='ocrx_word' id='word_1_34' title='bbox 1379 847 1583 913; x_wconf 80' lang='lat' dir='ltr'><strong>genus</strong></span> <span class='ocrx_word' id='word_1_35' title='bbox 1622 845 1822 908; x_wconf 90' lang='lat' dir='ltr'><strong>quum</strong></span> <span class='ocrx_word' id='word_1_36' title='bbox 1847 827 2103 913; x_wconf 82' lang='lat' dir='ltr'><strong>negatio</strong></span> <span class='ocrx_word' id='word_1_37' title='bbox 2127 848 2244 890; x_wconf 81' lang='lat' dir='ltr'><strong>non</strong></span> <span class='ocrx_word' id='word_1_38' title='bbox 2269 831 2381 891; x_wconf 87' lang='lat' dir='ltr'><strong>aut</strong></span> <span class='ocrx_word' id='word_1_39' title='bbox 2404 847 2732 912; x_wconf 85' lang='lat' dir='ltr'><strong>perperam</strong></span> 
     </span>
     <span class='ocr_line' id='line_1_6' title="bbox 338 930 2736 1020; baseline 0 -25"><span class='ocrx_word' id='word_1_40' title='bbox 338 933 595 1016; x_wconf 83' lang='lat' dir='ltr'><strong>irrepsit</strong></span> <span class='ocrx_word' id='word_1_41' title='bbox 636 938 748 997; x_wconf 85' lang='lat' dir='ltr'><strong>aut</strong></span> <span class='ocrx_word' id='word_1_42' title='bbox 784 931 1189 1020; x_wconf 78' lang='lat' dir='ltr'><strong>negligenter</strong></span> <span class='ocrx_word' id='word_1_43' title='bbox 1230 934 1465 998; x_wconf 83' lang='lat' dir='ltr'><strong>omissa</strong></span> <span class='ocrx_word' id='word_1_44' title='bbox 1502 937 1617 996; x_wconf 88' lang='lat' dir='ltr'><strong>est.</strong></span> <span class='ocrx_word' id='word_1_45' title='bbox 1656 931 1879 996; x_wconf 87' lang='lat' dir='ltr'><strong>Cicero</strong></span> <span class='ocrx_word' id='word_1_46' title='bbox 1922 931 1998 995; x_wconf 90' lang='lat' dir='ltr'><strong>de</strong></span> <span class='ocrx_word' id='word_1_47' title='bbox 2040 930 2306 996; x_wconf 84' lang='lat' dir='ltr'><strong>Finibus</strong></span> <span class='ocrx_word' id='word_1_48' title='bbox 2345 931 2428 996; x_wconf 89' lang='lat' dir='ltr'>II.</span> <span class='ocrx_word' id='word_1_49' title='bbox 2477 931 2578 996; x_wconf 87' lang='lat'><strong>18.</strong></span> <span class='ocrx_word' id='word_1_50' title='bbox 2620 933 2736 996; x_wconf 80' lang='lat' dir='ltr'><strong>Sed</strong></span> 
     </span>
     <span class='ocr_line' id='line_1_7' title="bbox 323 1037 2732 1123; baseline 0.002 -23"><span class='ocrx_word' id='word_1_51' title='bbox 323 1041 499 1120; x_wconf 71' lang='lat' dir='ltr'><strong>finqe</strong></span> <span class='ocrx_word' id='word_1_52' title='bbox 535 1059 653 1100; x_wconf 78' lang='lat' dir='ltr'><strong>non</strong></span> <span class='ocrx_word' id='word_1_53' title='bbox 698 1039 885 1100; x_wconf 73' lang='lat' dir='ltr'><strong>solum</strong></span> <span class='ocrx_word' id='word_1_54' title='bbox 923 1041 1209 1102; x_wconf 76' lang='lat' dir='ltr'><strong>callidum</strong></span> <span class='ocrx_word' id='word_1_55' title='bbox 1248 1061 1372 1102; x_wconf 82' lang='lat' dir='ltr'><strong>eum</strong></span> <span class='ocrx_word' id='word_1_56' title='bbox 1408 1043 1513 1123; x_wconf 78' lang='lat' dir='ltr'><strong>qui</strong></span> <span class='ocrx_word' id='word_1_57' title='bbox 1548 1037 1791 1122; x_wconf 79' lang='lat' dir='ltr'><strong>aliquid</strong></span> <span class='ocrx_word' id='word_1_58' title='bbox 1826 1037 2310 1123; x_wconf 78' lang='lat' dir='ltr'><strong>improbefaoiat</strong></span> <span class='ocrx_word' id='word_1_59' title='bbox 2333 1061 2532 1103; x_wconf 84' lang='lat' dir='ltr'><strong>verum</strong></span> <span class='ocrx_word' id='word_1_60' title='bbox 2556 1041 2732 1104; x_wconf 81' lang='lat' dir='ltr'><strong>etiam</strong></span> 
     </span>
     <span class='ocr_line' id='line_1_8' title="bbox 326 1143 2734 1230; baseline 0.002 -25"><span class='ocrx_word' id='word_1_61' title='bbox 326 1150 805 1226; x_wconf 78' lang='lat' dir='ltr'><strong>praepotentem,</strong></span> <span class='ocrx_word' id='word_1_62' title='bbox 854 1151 921 1207; x_wconf 78' lang='lat' dir='ltr'><strong>ut</strong></span> <span class='ocrx_word' id='word_1_63' title='bbox 969 1145 1063 1208; x_wconf 84' lang='lat' dir='ltr'><strong>M.</strong></span> <span class='ocrx_word' id='word_1_64' title='bbox 1121 1145 1421 1227; x_wconf 68' lang='lat' dir='ltr'><strong>Graccum,</strong></span> <span class='ocrx_word' id='word_1_65' title='bbox 1468 1144 1574 1227; x_wconf 80' lang='lat' dir='ltr'><strong>qui</strong></span> <span class='ocrx_word' id='word_1_66' title='bbox 1622 1151 1814 1205; x_wconf 79' lang='lat' dir='ltr'><strong>tamen</strong></span> <span class='ocrx_word' id='word_1_67' title='bbox 1857 1143 2078 1206; x_wconf 70' lang='lat' dir='ltr'><strong>solebat</strong></span> <span class='ocrx_word' id='word_1_68' title='bbox 2123 1145 2218 1205; x_wconf 64' lang='lat' dir='ltr'><strong>uti</strong></span> <span class='ocrx_word' id='word_1_69' title='bbox 2261 1167 2366 1207; x_wconf 75' lang='lat' dir='ltr'><strong>cuo</strong></span> <span class='ocrx_word' id='word_1_70' title='bbox 2429 1146 2605 1230; x_wconf 77' lang='lat' dir='ltr'><strong>bono,</strong></span> <span class='ocrx_word' id='word_1_71' title='bbox 2667 1154 2734 1211; x_wconf 81' lang='lat' dir='ltr'><strong>ut</strong></span> 
     </span>
     <span class='ocr_line' id='line_1_9' title="bbox 341 1249 2734 1337; baseline 0.001 -25"><span class='ocrx_word' id='word_1_72' title='bbox 341 1249 517 1312; x_wconf 71' lang='lat' dir='ltr'><strong>hodie</strong></span> <span class='ocrx_word' id='word_1_73' title='bbox 554 1256 641 1312; x_wconf 73' lang='lat' dir='ltr'><strong>est</strong></span> <span class='ocrx_word' id='word_1_74' title='bbox 680 1255 877 1312; x_wconf 74' lang='lat' dir='ltr'><strong>noster</strong></span> <span class='ocrx_word' id='word_1_75' title='bbox 918 1249 1225 1326; x_wconf 64' lang='lat' dir='ltr'><strong>Pompeius</strong></span> <span class='ocrx_word' id='word_1_76' title='bbox 1240 1299 1253 1322; x_wconf 88' lang='lat'>,</span> <span class='ocrx_word' id='word_1_77' title='bbox 1294 1249 1393 1312; x_wconf 78' lang='lat' dir='ltr'><strong>cui</strong></span> <span class='ocrx_word' id='word_1_78' title='bbox 1432 1255 1585 1312; x_wconf 80' lang='lat' dir='ltr'><strong>recte</strong></span> <span class='ocrx_word' id='word_1_79' title='bbox 1604 1249 1882 1331; x_wconf 79' lang='lat' dir='ltr'><strong>facienti</strong></span> <span class='ocrx_word' id='word_1_80' title='bbox 1913 1250 2120 1330; x_wconf 70' lang='lat' dir='ltr'><strong>qratia</strong></span> <span class='ocrx_word' id='word_1_81' title='bbox 2161 1258 2246 1312; x_wconf 75' lang='lat' dir='ltr'><strong>est</strong></span> <span class='ocrx_word' id='word_1_82' title='bbox 2270 1252 2540 1314; x_wconf 76' lang='lat' dir='ltr'><strong>habenda</strong></span> <span class='ocrx_word' id='word_1_83' title='bbox 2556 1278 2586 1337; x_wconf 85' lang='lat'><em>;</em></span> <span class='ocrx_word' id='word_1_84' title='bbox 2611 1275 2734 1316; x_wconf 75' lang='lat' dir='ltr'><strong>esse</strong></span> 
     </span>
     <span class='ocr_line' id='line_1_10' title="bbox 342 1354 2726 1443; baseline 0.001 -24"><span class='ocrx_word' id='word_1_85' title='bbox 342 1360 494 1419; x_wconf 78' lang='lat' dir='ltr'><strong>enim</strong></span> <span class='ocrx_word' id='word_1_86' title='bbox 538 1377 711 1438; x_wconf 80' lang='lat' dir='ltr'><strong>quam</strong></span> <span class='ocrx_word' id='word_1_87' title='bbox 754 1356 932 1418; x_wconf 81' lang='lat' dir='ltr'><strong>vellet</strong></span> <span class='ocrx_word' id='word_1_88' title='bbox 978 1356 1223 1439; x_wconf 70' lang='lat' dir='ltr'><strong>iniquus</strong></span> <span class='ocrx_word' id='word_1_89' title='bbox 1258 1363 1503 1438; x_wconf 80' lang='lat' dir='ltr'><strong>poterat</strong></span> <span class='ocrx_word' id='word_1_90' title='bbox 1550 1355 1806 1436; x_wconf 62' lang='lat' dir='ltr'><strong>bmpune.</strong></span> <span class='ocrx_word' id='word_1_91' title='bbox 1902 1355 2000 1420; x_wconf 86' lang='lat' dir='ltr'><strong>Ne</strong></span> <span class='ocrx_word' id='word_1_92' title='bbox 2047 1354 2265 1420; x_wconf 79' lang='lat' dir='ltr'><strong>Cicero</strong></span> <span class='ocrx_word' id='word_1_93' title='bbox 2301 1359 2518 1440; x_wconf 78' lang='lat' dir='ltr'><strong>inepta</strong></span> <span class='ocrx_word' id='word_1_94' title='bbox 2554 1357 2726 1443; x_wconf 89' lang='lat' dir='ltr'><strong>loqui</strong></span> 
     </span>
     <span class='ocr_line' id='line_1_11' title="bbox 346 1459 2730 1549; baseline 0.001 -24"><span class='ocrx_word' id='word_1_95' title='bbox 346 1461 635 1525; x_wconf 86' lang='lat' dir='ltr'><strong>videatur</strong></span> <span class='ocrx_word' id='word_1_96' title='bbox 692 1459 951 1544; x_wconf 86' lang='lat' dir='ltr'><strong>supple:</strong></span> <span class='ocrx_word' id='word_1_97' title='bbox 1010 1461 1119 1545; x_wconf 77' lang='lat' dir='ltr'><strong>qui</strong></span> <span class='ocrx_word' id='word_1_98' title='bbox 1176 1469 1371 1524; x_wconf 76' lang='lat' dir='ltr'><strong>tamen</strong></span> <span class='ocrx_word' id='word_1_99' title='bbox 1432 1478 1558 1526; x_wconf 76' lang='lat' dir='ltr'><strong>NON</strong></span> <span class='ocrx_word' id='word_1_100' title='bbox 1621 1461 1848 1525; x_wconf 72' lang='lat' dir='ltr'><strong>solebat</strong></span> <span class='ocrx_word' id='word_1_101' title='bbox 1897 1462 1989 1524; x_wconf 75' lang='lat' dir='ltr'><strong>uti</strong></span> <span class='ocrx_word' id='word_1_102' title='bbox 2033 1484 2139 1524; x_wconf 71' lang='lat' dir='ltr'><strong>suo</strong></span> <span class='ocrx_word' id='word_1_103' title='bbox 2185 1463 2348 1526; x_wconf 82' lang='lat' dir='ltr'><strong>bono.</strong></span> <span class='ocrx_word' id='word_1_104' title='bbox 2400 1463 2730 1549; x_wconf 84' lang='lat' dir='ltr'><strong>Insignem</strong></span> 
     </span>
     <span class='ocr_line' id='line_1_12' title="bbox 340 1562 2731 1652; baseline 0.001 -22"><span class='ocrx_word' id='word_1_105' title='bbox 340 1566 591 1630; x_wconf 81' lang='lat' dir='ltr'><strong>fecisset</strong></span> <span class='ocrx_word' id='word_1_106' title='bbox 634 1562 858 1630; x_wconf 81' lang='lat' dir='ltr'><strong>Crasso</strong></span> <span class='ocrx_word' id='word_1_107' title='bbox 907 1567 1362 1632; x_wconf 88' lang='lat' dir='ltr'><strong>contumeliam</strong></span> <span class='ocrx_word' id='word_1_108' title='bbox 1411 1570 1535 1631; x_wconf 85' lang='lat' dir='ltr'><strong>nisi</strong></span> <span class='ocrx_word' id='word_1_109' title='bbox 1583 1567 1649 1630; x_wconf 90' lang='lat' dir='ltr'><strong>id</strong></span> <span class='ocrx_word' id='word_1_110' title='bbox 1697 1567 2064 1631; x_wconf 82' lang='lat' dir='ltr'><strong>addidisset.</strong></span> <span class='ocrx_word' id='word_1_111' title='bbox 2125 1565 2416 1644; x_wconf 74' lang='lat' dir='ltr'><strong>CrassuS,</strong></span> <span class='ocrx_word' id='word_1_112' title='bbox 2485 1570 2731 1652; x_wconf 88' lang='lat' dir='ltr'><strong>inquit,</strong></span> 
     </span>
     <span class='ocr_line' id='line_1_13' title="bbox 339 1670 2733 1757; baseline 0.002 -22"><span class='ocrx_word' id='word_1_113' title='bbox 339 1691 531 1756; x_wconf 88' lang='lat' dir='ltr'><strong>quam</strong></span> <span class='ocrx_word' id='word_1_114' title='bbox 595 1670 789 1736; x_wconf 84' lang='lat' dir='ltr'><strong>vellet</strong></span> <span class='ocrx_word' id='word_1_115' title='bbox 838 1671 1099 1756; x_wconf 88' lang='lat' dir='ltr'><strong>iniquus</strong></span> <span class='ocrx_word' id='word_1_116' title='bbox 1143 1693 1275 1737; x_wconf 89' lang='lat' dir='ltr'><strong>esse</strong></span> <span class='ocrx_word' id='word_1_117' title='bbox 1323 1677 1586 1757; x_wconf 88' lang='lat' dir='ltr'><strong>impune</strong></span> <span class='ocrx_word' id='word_1_118' title='bbox 1633 1677 1914 1755; x_wconf 84' lang='lat' dir='ltr'><strong>poterat,</strong></span> <span class='ocrx_word' id='word_1_119' title='bbox 1968 1693 2117 1736; x_wconf 87' lang='lat' dir='ltr'><strong>nam</strong></span> <span class='ocrx_word' id='word_1_120' title='bbox 2171 1680 2306 1736; x_wconf 85' lang='lat' dir='ltr'><strong>erat</strong></span> <span class='ocrx_word' id='word_1_121' title='bbox 2352 1679 2416 1736; x_wconf 85' lang='lat' dir='ltr'><strong>et</strong></span> <span class='ocrx_word' id='word_1_122' title='bbox 2461 1674 2733 1740; x_wconf 84' lang='lat' dir='ltr'><strong>callidus</strong></span> 
     </span>
     <span class='ocr_line' id='line_1_14' title="bbox 341 1777 2733 1864; baseline 0.002 -23"><span class='ocrx_word' id='word_1_123' title='bbox 341 1783 405 1842; x_wconf 91' lang='lat' dir='ltr'><strong>et</strong></span> <span class='ocrx_word' id='word_1_124' title='bbox 450 1787 857 1862; x_wconf 85' lang='lat' dir='ltr'><strong>praepotens,</strong></span> <span class='ocrx_word' id='word_1_125' title='bbox 907 1778 1017 1842; x_wconf 91' lang='lat' dir='ltr'><strong>sed</strong></span> <span class='ocrx_word' id='word_1_126' title='bbox 1064 1799 1419 1864; x_wconf 84' lang='lat' dir='ltr'><strong>numquam</strong></span> <span class='ocrx_word' id='word_1_127' title='bbox 1467 1778 1582 1842; x_wconf 89' lang='lat' dir='ltr'><strong>illo</strong></span> <span class='ocrx_word' id='word_1_128' title='bbox 1630 1778 1995 1842; x_wconf 87' lang='lat' dir='ltr'><strong>adiumento</strong></span> <span class='ocrx_word' id='word_1_129' title='bbox 2042 1777 2120 1842; x_wconf 86' lang='lat' dir='ltr'><strong>ad</strong></span> <span class='ocrx_word' id='word_1_130' title='bbox 2167 1779 2456 1862; x_wconf 89' lang='lat' dir='ltr'><strong>improbe</strong></span> <span class='ocrx_word' id='word_1_131' title='bbox 2503 1780 2733 1845; x_wconf 89' lang='lat' dir='ltr'><strong>facien—</strong></span> 
     </span>
     <span class='ocr_line' id='line_1_15' title="bbox 341 1882 2628 1968; baseline 0.002 -22"><span class='ocrx_word' id='word_1_132' title='bbox 341 1882 499 1946; x_wconf 89' lang='lat' dir='ltr'><strong>dum</strong></span> <span class='ocrx_word' id='word_1_133' title='bbox 544 1903 697 1948; x_wconf 89' lang='lat' dir='ltr'><strong>usus</strong></span> <span class='ocrx_word' id='word_1_134' title='bbox 744 1889 861 1948; x_wconf 89' lang='lat' dir='ltr'><strong>est.</strong></span> <span class='ocrx_word' id='word_1_135' title='bbox 960 1883 1146 1950; x_wconf 87' lang='lat' dir='ltr'><strong>Nunc</strong></span> <span class='ocrx_word' id='word_1_136' title='bbox 1192 1884 1456 1949; x_wconf 90' lang='lat' dir='ltr'><strong>demum</strong></span> <span class='ocrx_word' id='word_1_137' title='bbox 1503 1888 1764 1968; x_wconf 85' lang='lat' dir='ltr'><strong>apparet</strong></span> <span class='ocrx_word' id='word_1_138' title='bbox 1810 1883 1964 1968; x_wconf 89' lang='lat' dir='ltr'><strong>quid</strong></span> <span class='ocrx_word' id='word_1_139' title='bbox 2012 1885 2136 1948; x_wconf 87' lang='lat' dir='ltr'><strong>sibi</strong></span> <span class='ocrx_word' id='word_1_140' title='bbox 2185 1883 2344 1951; x_wconf 83' lang='lat' dir='ltr'><strong>velit</strong></span> <span class='ocrx_word' id='word_1_141' title='bbox 2390 1903 2628 1950; x_wconf 62' lang='lat' dir='ltr'><strong>Tum.</strong></span> 
     </span>
    </p>
   </div>
   <div class='ocr_carea' id='block_1_3' title="bbox 1098 2112 1991 2161">
    <p class='ocr_par' dir='ltr' id='par_1_4' title="bbox 1098 2112 1991 2161">
     <span class='ocr_line' id='line_1_16' title="bbox 1098 2112 1991 2161; baseline 0 -1"><span class='ocrx_word' id='word_1_142' title='bbox 1098 2112 1353 2160; x_wconf 75' lang='lat' dir='ltr'>ASINIUS</span> <span class='ocrx_word' id='word_1_143' title='bbox 1400 2113 1633 2160; x_wconf 75' lang='lat' dir='ltr'>POLLIO</span> <span class='ocrx_word' id='word_1_144' title='bbox 1680 2113 1991 2161; x_wconf 79' lang='lat' dir='ltr'>CICERONI.</span> 
     </span>
    </p>
   </div>
   <div class='ocr_carea' id='block_1_4' title="bbox 1154 2263 1917 2331">
    <p class='ocr_par' dir='ltr' id='par_1_5' title="bbox 1154 2263 1917 2331">
     <span class='ocr_line' id='line_1_17' title="bbox 1154 2263 1917 2331; baseline 0 -1"><span class='ocrx_word' id='word_1_145' title='bbox 1154 2265 1232 2330; x_wconf 87' lang='lat' dir='ltr'><strong>ad</strong></span> <span class='ocrx_word' id='word_1_146' title='bbox 1278 2265 1512 2331; x_wconf 83' lang='lat' dir='ltr'><strong>Famil.</strong></span> <span class='ocrx_word' id='word_1_147' title='bbox 1560 2266 1647 2330; x_wconf 89' lang='lat' dir='ltr'><strong>X.</strong></span> <span class='ocrx_word' id='word_1_148' title='bbox 1700 2263 1805 2330; x_wconf 84' lang='lat'><strong>32.</strong></span> <span class='ocrx_word' id='word_1_149' title='bbox 1857 2270 1917 2330; x_wconf 99' lang='lat'><strong>4.</strong></span> 
     </span>
    </p>
   </div>
   <div class='ocr_carea' id='block_1_5' title="bbox 342 2442 2728 2638">
    <p class='ocr_par' dir='ltr' id='par_1_6' title="bbox 342 2442 2728 2638">
     <span class='ocr_line' id='line_1_18' title="bbox 433 2442 2728 2531; baseline 0.003 -27"><span class='ocrx_word' id='word_1_150' title='bbox 433 2442 727 2526; x_wconf 69' lang='lat' dir='ltr'><strong>Reliquas</strong></span> <span class='ocrx_word' id='word_1_151' title='bbox 786 2463 1012 2528; x_wconf 79' lang='lat' dir='ltr'><strong>quoque</strong></span> <span class='ocrx_word' id='word_1_152' title='bbox 1066 2443 1319 2523; x_wconf 70' lang='lat' dir='ltr'><strong>leyiones</strong></span> <span class='ocrx_word' id='word_1_153' title='bbox 1364 2466 1483 2507; x_wconf 79' lang='lat' dir='ltr'><strong>non</strong></span> <span class='ocrx_word' id='word_1_154' title='bbox 1530 2443 1763 2507; x_wconf 74' lang='lat' dir='ltr'><strong>destitit</strong></span> <span class='ocrx_word' id='word_1_155' title='bbox 1809 2445 2034 2508; x_wconf 78' lang='lat' dir='ltr'><strong>litteris</strong></span> <span class='ocrx_word' id='word_1_156' title='bbox 2077 2456 2253 2530; x_wconf 78' lang='lat' dir='ltr'><strong>atque</strong></span> <span class='ocrx_word' id='word_1_157' title='bbox 2294 2447 2559 2530; x_wconf 74' lang='lat' dir='ltr'><strong>infinitis</strong></span> <span class='ocrx_word' id='word_1_158' title='bbox 2591 2449 2728 2531; x_wconf 81' lang='lat' dir='ltr'><strong>pol-</strong></span> 
     </span>
     <span class='ocr_line' id='line_1_19' title="bbox 342 2547 2640 2638; baseline 0.003 -27"><span class='ocrx_word' id='word_1_159' title='bbox 342 2547 774 2613; x_wconf 74' lang='lat' dir='ltr'><strong>licitationibus</strong></span> <span class='ocrx_word' id='word_1_160' title='bbox 820 2553 1101 2614; x_wconf 80' lang='lat' dir='ltr'><strong>incitare.</strong></span> <span class='ocrx_word' id='word_1_161' title='bbox 1150 2547 1297 2615; x_wconf 88' lang='lat' dir='ltr'><strong>Una</strong></span> <span class='ocrx_word' id='word_1_162' title='bbox 1338 2548 1597 2616; x_wconf 86' lang='lat' dir='ltr'><strong>literula</strong></span> <span class='ocrx_word' id='word_1_163' title='bbox 1646 2553 1925 2616; x_wconf 86' lang='lat' dir='ltr'><strong>correcta</strong></span> <span class='ocrx_word' id='word_1_164' title='bbox 1969 2549 2309 2638; x_wconf 82' lang='lat' dir='ltr'><strong>legendum</strong></span> <span class='ocrx_word' id='word_1_165' title='bbox 2359 2553 2640 2617; x_wconf 72' lang='lat' dir='ltr'><strong>invitare.</strong></span> 
     </span>
    </p>
   </div>
   <div class='ocr_carea' id='block_1_6' title="bbox 1278 2776 1786 2827">
    <p class='ocr_par' dir='ltr' id='par_1_7' title="bbox 1278 2776 1786 2827">
     <span class='ocr_line' id='line_1_20' title="bbox 1278 2776 1786 2827; baseline -0.002 -1"><span class='ocrx_word' id='word_1_166' title='bbox 1278 2777 1501 2826; x_wconf 77' lang='lat' dir='ltr'>CICERO</span> <span class='ocrx_word' id='word_1_167' title='bbox 1548 2776 1786 2827; x_wconf 77' lang='lat' dir='ltr'>CASSIO.</span> 
     </span>
    </p>
   </div>
   <div class='ocr_carea' id='block_1_7' title="bbox 1115 2925 1943 2993">
    <p class='ocr_par' dir='ltr' id='par_1_8' title="bbox 1115 2925 1943 2993">
     <span class='ocr_line' id='line_1_21' title="bbox 1115 2925 1943 2993; baseline 0.001 -2"><span class='ocrx_word' id='word_1_168' title='bbox 1115 2926 1195 2991; x_wconf 87' lang='lat' dir='ltr'><strong>ad</strong></span> <span class='ocrx_word' id='word_1_169' title='bbox 1240 2928 1473 2993; x_wconf 85' lang='lat' dir='ltr'><strong>Famil.</strong></span> <span class='ocrx_word' id='word_1_170' title='bbox 1523 2926 1666 2993; x_wconf 89' lang='lat' dir='ltr'>XII.</span> <span class='ocrx_word' id='word_1_171' title='bbox 1727 2925 1833 2993; x_wconf 92' lang='grc'><strong>10.</strong></span> <span class='ocrx_word' id='word_1_172' title='bbox 1886 2929 1943 2993; x_wconf 91' lang='grc'><strong>4.</strong></span> 
     </span>
    </p>
   </div>
   <div class='ocr_carea' id='block_1_8' title="bbox 342 3100 2731 3303">
    <p class='ocr_par' dir='ltr' id='par_1_9' title="bbox 342 3100 2731 3303">
     <span class='ocr_line' id='line_1_22' title="bbox 434 3100 2728 3193; baseline 0.006 -29"><span class='ocrx_word' id='word_1_173' title='bbox 434 3100 748 3165; x_wconf 59' lang='lat' dir='ltr'><strong>Per-made</strong></span> <span class='ocrx_word' id='word_1_174' title='bbox 806 3106 919 3166; x_wconf 78' lang='lat' dir='ltr'><strong>tibi</strong></span> <span class='ocrx_word' id='word_1_175' title='bbox 978 3102 1169 3183; x_wconf 62' lang='grc' dir='ltr'><strong>ἐρίων</strong></span> <span class='ocrx_word' id='word_1_176' title='bbox 1224 3110 1291 3167; x_wconf 77' lang='lat' dir='ltr'><strong>in</strong></span> <span class='ocrx_word' id='word_1_177' title='bbox 1348 3115 1406 3169; x_wconf 82' lang='lat' dir='ltr'><strong>te</strong></span> <span class='ocrx_word' id='word_1_178' title='bbox 1462 3112 1519 3169; x_wconf 87' lang='lat' dir='ltr'><strong>et</strong></span> <span class='ocrx_word' id='word_1_179' title='bbox 1565 3106 1631 3169; x_wconf 78' lang='lat' dir='ltr'><strong>in</strong></span> <span class='ocrx_word' id='word_1_180' title='bbox 1678 3106 1898 3173; x_wconf 76' lang='lat' dir='ltr'><strong>Bru‘ro</strong></span> <span class='ocrx_word' id='word_1_181' title='bbox 1949 3108 2116 3193; x_wconf 83' lang='lat' dir='ltr'><strong>[tuo]</strong></span> <span class='ocrx_word' id='word_1_182' title='bbox 2165 3130 2290 3172; x_wconf 72' lang='lat' dir='ltr'><strong>esse</strong></span> <span class='ocrx_word' id='word_1_183' title='bbox 2337 3117 2532 3175; x_wconf 78' lang='lat' dir='ltr'><strong>omnia</strong></span> <span class='ocrx_word' id='word_1_184' title='bbox 2549 3141 2578 3190; x_wconf 89' lang='lat'><em>;</em></span> <span class='ocrx_word' id='word_1_185' title='bbox 2627 3136 2728 3178; x_wconf 74' lang='lat' dir='ltr'><strong>vos</strong></span> 
     </span>
     <span class='ocr_line' id='line_1_23' title="bbox 342 3207 2731 3303; baseline 0.006 -34"><span class='ocrx_word' id='word_1_186' title='bbox 342 3207 696 3289; x_wconf 69' lang='lat' dir='ltr'><strong>exspectari,</strong></span> <span class='ocrx_word' id='word_1_187' title='bbox 765 3208 1030 3273; x_wconf 78' lang='lat' dir='ltr'><strong>Brutum</strong></span> <span class='ocrx_word' id='word_1_188' title='bbox 1092 3210 1327 3294; x_wconf 81' lang='lat' dir='ltr'><strong>quidem</strong></span> <span class='ocrx_word' id='word_1_189' title='bbox 1390 3211 1759 3297; x_wconf 79' lang='lat' dir='ltr'><strong>iamiamque.</strong></span> <span class='ocrx_word' id='word_1_190' title='bbox 1855 3213 2168 3301; x_wconf 80' lang='lat' dir='ltr'><strong>Expunge</strong></span> <span class='ocrx_word' id='word_1_191' title='bbox 2241 3225 2341 3279; x_wconf 82' lang='lat' dir='ltr'><strong>tuo</strong></span> <span class='ocrx_word' id='word_1_192' title='bbox 2411 3238 2488 3282; x_wconf 87' lang='lat' dir='ltr'><strong>ex</strong></span> <span class='ocrx_word' id='word_1_193' title='bbox 2554 3240 2731 3303; x_wconf 86' lang='lat' dir='ltr'><strong>prae-</strong></span> 
     </span>
    </p>
   </div>
   <div class='ocr_carea' id='block_1_9' title="bbox 343 3312 2731 3484">
    <p class='ocr_par' dir='ltr' id='par_1_10' title="bbox 343 3312 2731 3484">
     <span class='ocr_line' id='line_1_24' title="bbox 343 3312 2731 3400; baseline 0.005 -24"><span class='ocrx_word' id='word_1_194' title='bbox 343 3312 601 3378; x_wconf 82' lang='lat' dir='ltr'><strong>cedente</strong></span> <span class='ocrx_word' id='word_1_195' title='bbox 678 3312 931 3400; x_wconf 80' lang='lat' dir='ltr'><strong>syllaba</strong></span> <span class='ocrx_word' id='word_1_196' title='bbox 1001 3318 1163 3382; x_wconf 83' lang='lat' dir='ltr'><strong>vitio</strong></span> <span class='ocrx_word' id='word_1_197' title='bbox 1233 3323 1481 3383; x_wconf 87' lang='lat' dir='ltr'><strong>natum.</strong></span> <span class='ocrx_word' id='word_1_198' title='bbox 1587 3316 1811 3383; x_wconf 91' lang='lat' dir='ltr'><strong>Cicero</strong></span> <span class='ocrx_word' id='word_1_199' title='bbox 1883 3324 2052 3384; x_wconf 83' lang='lat' dir='ltr'><strong>certe</strong></span> <span class='ocrx_word' id='word_1_200' title='bbox 2123 3324 2186 3383; x_wconf 80' lang='lat' dir='ltr'><strong>in</strong></span> <span class='ocrx_word' id='word_1_201' title='bbox 2257 3319 2462 3388; x_wconf 82' lang='lat' dir='ltr'><strong>Bruto</strong></span> <span class='ocrx_word' id='word_1_202' title='bbox 2532 3331 2731 3388; x_wconf 71' lang='lat' dir='ltr'><strong>nostro</strong></span> 
     </span>
     <span class='ocr_line' id='line_1_25' title="bbox 344 3418 626 3484; baseline -0.004 -1"><span class='ocrx_word' id='word_1_203' title='bbox 344 3418 626 3484; x_wconf 85' lang='lat' dir='ltr'><strong>dixisset.</strong></span> 
     </span>
    </p>
   </div>
   <div class='ocr_carea' id='block_1_10' title="bbox 1197 3650 1893 3701">
    <p class='ocr_par' dir='ltr' id='par_1_11' title="bbox 1197 3650 1893 3701">
     <span class='ocr_line' id='line_1_26' title="bbox 1197 3650 1893 3701; baseline 0.003 -3"><span class='ocrx_word' id='word_1_204' title='bbox 1197 3650 1533 3701; x_wconf 63' lang='lat' dir='ltr'><strong>mmmm&amp;</strong></span> <span class='ocrx_word' id='word_1_205' title='bbox 1582 3652 1870 3701; x_wconf 78' lang='lat' dir='ltr'>CICERONI</span> <span class='ocrx_word' id='word_1_206' title='bbox 1879 3685 1893 3700; x_wconf 91' lang='lat'>.</span> 
     </span>
    </p>
   </div>
   <div class='ocr_carea' id='block_1_11' title="bbox 1140 3803 1965 3871">
    <p class='ocr_par' dir='ltr' id='par_1_12' title="bbox 1140 3803 1965 3871">
     <span class='ocr_line' id='line_1_27' title="bbox 1140 3803 1965 3871; baseline 0.002 -2"><span class='ocrx_word' id='word_1_207' title='bbox 1140 3804 1219 3869; x_wconf 85' lang='lat' dir='ltr'><strong>ad</strong></span> <span class='ocrx_word' id='word_1_208' title='bbox 1266 3803 1493 3870; x_wconf 84' lang='lat' dir='ltr'><strong>Famil.</strong></span> <span class='ocrx_word' id='word_1_209' title='bbox 1547 3804 1694 3870; x_wconf 86' lang='lat' dir='ltr'>XII.</span> <span class='ocrx_word' id='word_1_210' title='bbox 1749 3806 1850 3871; x_wconf 88' lang='lat'><strong>14.</strong></span> <span class='ocrx_word' id='word_1_211' title='bbox 1903 3806 1965 3871; x_wconf 89' lang='lat'><strong>4.</strong></span> 
     </span>
    </p>
   </div>
   <div class='ocr_carea' id='block_1_12' title="bbox 344 4007 2734 4419">
    <p class='ocr_par' dir='ltr' id='par_1_13' title="bbox 344 4007 2734 4419">
     <span class='ocr_line' id='line_1_28' title="bbox 443 4007 2734 4097; baseline 0.005 -24"><span class='ocrx_word' id='word_1_212' title='bbox 443 4007 733 4089; x_wconf 76' lang='lat' dir='ltr'><strong>Quoniam</strong></span> <span class='ocrx_word' id='word_1_213' title='bbox 802 4011 1133 4075; x_wconf 62' lang='lat' dir='ltr'><strong>consulibua</strong></span> <span class='ocrx_word' id='word_1_214' title='bbox 1192 4012 1427 4077; x_wconf 79' lang='lat' dir='ltr'><strong>decreta</strong></span> <span class='ocrx_word' id='word_1_215' title='bbox 1484 4019 1567 4076; x_wconf 70' lang='lat' dir='ltr'><strong>eet</strong></span> <span class='ocrx_word' id='word_1_216' title='bbox 1630 4012 1783 4076; x_wconf 74' lang='lat' dir='ltr'><strong>Asia</strong></span> <span class='ocrx_word' id='word_1_217' title='bbox 1843 4024 1902 4076; x_wconf 81' lang='lat' dir='ltr'><strong>et</strong></span> <span class='ocrx_word' id='word_1_218' title='bbox 1951 4016 2292 4097; x_wconf 71' lang='lat' dir='ltr'><strong>permissum</strong></span> <span class='ocrx_word' id='word_1_219' title='bbox 2354 4026 2442 4082; x_wconf 70' lang='lat' dir='ltr'><strong>est</strong></span> <span class='ocrx_word' id='word_1_220' title='bbox 2499 4020 2580 4082; x_wconf 70' lang='lat' dir='ltr'><strong>iis</strong></span> <span class='ocrx_word' id='word_1_221' title='bbox 2595 4067 2612 4097; x_wconf 90' lang='lat'><strong><em>,</em></strong></span> <span class='ocrx_word' id='word_1_222' title='bbox 2665 4028 2734 4084; x_wconf 72' lang='lat' dir='ltr'><strong>ut</strong></span> 
     </span>
     <span class='ocr_line' id='line_1_29' title="bbox 344 4114 2732 4211; baseline 0.005 -34"><span class='ocrx_word' id='word_1_223' title='bbox 344 4114 483 4177; x_wconf 80' lang='lat' dir='ltr'><strong>dum</strong></span> <span class='ocrx_word' id='word_1_224' title='bbox 542 4116 663 4200; x_wconf 71' lang='lat' dir='ltr'><strong>ipsi</strong></span> <span class='ocrx_word' id='word_1_225' title='bbox 720 4121 991 4182; x_wconf 74' lang='lat' dir='ltr'><strong>venirent</strong></span> <span class='ocrx_word' id='word_1_226' title='bbox 1035 4118 1247 4181; x_wconf 76' lang='lat' dir='ltr'><strong>darent</strong></span> <span class='ocrx_word' id='word_1_227' title='bbox 1290 4124 1581 4199; x_wconf 68' lang='lat' dir='ltr'><strong>neqotium</strong></span> <span class='ocrx_word' id='word_1_228' title='bbox 1627 4125 1730 4203; x_wconf 79' lang='lat' dir='ltr'><strong>qui</strong></span> <span class='ocrx_word' id='word_1_229' title='bbox 1771 4120 1983 4183; x_wconf 73' lang='lat' dir='ltr'><strong>Asiam</strong></span> <span class='ocrx_word' id='word_1_230' title='bbox 2031 4122 2372 4186; x_wconf 49' lang='lat' dir='ltr'><strong>obtineam&amp;</strong></span> <span class='ocrx_word' id='word_1_231' title='bbox 2468 4122 2732 4211; x_wconf 72' lang='lat' dir='ltr'><strong>Col-rige</strong></span> 
     </span>
     <span class='ocr_line' id='line_1_30' title="bbox 346 4225 2733 4314; baseline 0.004 -31"><span class='ocrx_word' id='word_1_232' title='bbox 346 4225 650 4298; x_wconf 56' lang='lat' dir='ltr'><strong>obtineam,</strong></span> <span class='ocrx_word' id='word_1_233' title='bbox 716 4242 995 4308; x_wconf 87' lang='lat' dir='ltr'><strong>namque</strong></span> <span class='ocrx_word' id='word_1_234' title='bbox 1055 4243 1257 4287; x_wconf 89' lang='lat' dir='ltr'><strong>unum</strong></span> <span class='ocrx_word' id='word_1_235' title='bbox 1316 4225 1643 4290; x_wconf 89' lang='lat' dir='ltr'><strong>hominem</strong></span> <span class='ocrx_word' id='word_1_236' title='bbox 1709 4228 1776 4289; x_wconf 89' lang='lat' dir='ltr'><strong>in</strong></span> <span class='ocrx_word' id='word_1_237' title='bbox 1826 4225 1942 4291; x_wconf 87' lang='lat' dir='ltr'><strong>tali</strong></span> <span class='ocrx_word' id='word_1_238' title='bbox 1989 4247 2056 4292; x_wconf 90' lang='lat' dir='ltr'><strong>re</strong></span> <span class='ocrx_word' id='word_1_239' title='bbox 2102 4230 2466 4312; x_wconf 81' lang='lat' dir='ltr'><strong>provinciae</strong></span> <span class='ocrx_word' id='word_1_240' title='bbox 2511 4229 2733 4314; x_wconf 87' lang='lat' dir='ltr'><strong>praefi-</strong></span> 
     </span>
     <span class='ocr_line' id='line_1_31' title="bbox 346 4326 2732 4419; baseline 0.005 -26"><span class='ocrx_word' id='word_1_241' title='bbox 346 4346 485 4393; x_wconf 80' lang='lat' dir='ltr'><strong>cere</strong></span> <span class='ocrx_word' id='word_1_242' title='bbox 544 4326 830 4393; x_wconf 84' lang='lat' dir='ltr'><strong>solebant</strong></span> <span class='ocrx_word' id='word_1_243' title='bbox 890 4335 953 4393; x_wconf 88' lang='lat' dir='ltr'><strong>et</strong></span> <span class='ocrx_word' id='word_1_244' title='bbox 1016 4327 1329 4395; x_wconf 85' lang='lat' dir='ltr'><strong>Lentulus</strong></span> <span class='ocrx_word' id='word_1_245' title='bbox 1386 4331 1549 4397; x_wconf 89' lang='lat' dir='ltr'><strong>hanc</strong></span> <span class='ocrx_word' id='word_1_246' title='bbox 1606 4330 1804 4396; x_wconf 87' lang='lat' dir='ltr'><strong>Asiae</strong></span> <span class='ocrx_word' id='word_1_247' title='bbox 1865 4336 2372 4419; x_wconf 81' lang='lat' dir='ltr'><strong>procurationem</strong></span> <span class='ocrx_word' id='word_1_248' title='bbox 2441 4334 2566 4399; x_wconf 84' lang='lat' dir='ltr'><strong>sibi</strong></span> <span class='ocrx_word' id='word_1_249' title='bbox 2613 4335 2732 4405; x_wconf 87' lang='lat' dir='ltr'><strong>soli</strong></span> 
     </span>
    </p>
   </div>
   <div class='ocr_carea' id='block_1_13' title="bbox 346 4430 624 4519">
    <p class='ocr_par' dir='ltr' id='par_1_14' title="bbox 346 4430 624 4519">
     <span class='ocr_line' id='line_1_32' title="bbox 346 4430 624 4519; baseline -0.004 -22"><span class='ocrx_word' id='word_1_250' title='bbox 346 4430 624 4519; x_wconf 73' lang='lat' dir='ltr'><strong>flagitat.</strong></span> 
     </span>
    </p>
   </div>
  </div>
 </body>
</html>
