3369 5142
1345 417 1774 467 mammons,
2618 396 2742 465 141

355 591 556 658 malet
612 596 976 678 comparato
1035 592 1116 657 H.
1183 590 1289 657 12.
1337 590 1576 655 Βοιωτοὶ
1628 589 1691 655 δὲ
1742 626 1824 639 -
1874 588 2015 661 τοὺς
2063 587 2297 659 ἱππέας
2347 586 2743 669 παρείχοντο.

446 802 737 890 Thucyd.
787 802 900 868 111.
953 802 1066 869 63.
1118 802 1180 868 2.
1230 805 1439 868 οὐκοῦν
1487 808 1644 881 χρῆν
1694 838 1778 849 —-
1829 800 1917 877 μῆ
1965 800 2310 879 ξυνεπιέναι
2358 800 2503 877 μετ’
2545 800 2746 865 αὐτῶν

353 907 570 981 ἄλλοις
619 910 900 992 ὑπάρχον
946 934 1028 988 γε
1077 910 1260 988 ὑμῖν,
1313 909 1370 975 εἴ
1412 932 1472 973 τι
1525 908 1628 972 καὶ
1680 905 1932 981 ἄκοντες
1984 908 2365 988 προσήγεσθε
2414 906 2517 971 ὑπ’
2563 905 2745 983 Ἀθη·

354 1016 570 1089 ναίων,
617 1024 728 1090 τῆς
778 1022 893 1079 τῶν
934 1016 1438 1092 Λακεδαιμονίων
1477 1013 1661 1079 τῶνδε
1706 1014 1812 1089 ήδη
1858 1014 1959 1078 ε’πὶ
2002 1016 2086 1095 τῷ
2126 1013 2317 1094 Μήδῳ
2356 1010 2743 1095 Ξυμμαχίας

353 1120 798 1200 γεγενημένης.
891 1121 1208 1206 Impedita
1260 1126 1357 1187 est
1413 1122 1608 1187 huius
1667 1119 1797 1186 loci
1867 1124 2189 1185 structura
2257 1124 2323 1185 et
2391 1120 2742 1197 sententis,

352 1248 514 1313 quae
553 1226 762 1311 qualis
795 1228 991 1292 fuerit
1030 1230 1186 1293 satis
1225 1232 1522 1314 apparet,
1564 1225 1674 1292 sed
1714 1228 1783 1291 in
1821 1227 1924 1291 his
1962 1226 2174 1291 verbis
2210 1245 2337 1291 non
2360 1228 2744 1291 continetur.

352 1332 688 1399 Sententia
757 1332 918 1398 duce
987 1334 1435 1421 corrigendum
1509 1337 1574 1397 et
1635 1331 2022 1417 explendum
2088 1332 2390 1397 existimo
2454 1331 2523 1395 in
2575 1330 2747 1397 hune

351 1439 650 1505 modum:
703 1440 1068 1519 παρέχον
1118 1464 1198 1517 γε
1248 1440 1390 1517 ὑμῖν
1440 1476 1523 1487 -
1575 1445 1684 1513 τῆς
1734 1445 1853 1503 τῶν
1900 1437 2405 1515 Λακεδαιμονίων
2442 1473 2541 1490 -—-
2587 1434 2741 1516 ξυμ·

350 1545 606 1627 μαχίας
655 1546 1076 1623 γεγενημένης
1125 1544 1498 1630 (μετέχειν).
1593 1544 1919 1629 Frequens
1970 1547 2065 1609 est
2111 1544 2281 1629 apud
2340 1542 2745 1610 Herodotum

349 1658 414 1717 et
485 1652 934 1738 Thucydidem
1002 1650 1428 1737 impersonale
1501 1652 1769 1729 παρέχει
1822 1650 2113 1734 facultas
2182 1660 2308 1733 est,
2378 1650 2549 1733 copia
2618 1657 2743 1736 est,

349 1759 548 1822 oblata
620 1759 840 1821 occasio
911 1768 1033 1841 est,
1083 1764 1160 1824 ut
1221 1756 1392 1842 apud
1453 1754 1857 1821 Herodotum
1920 1754 2005 1819 V.
2056 1753 2162 1819 49.
2213 1753 2487 1835 παρέχον
2540 1754 2739 1845 (ὑμῖν)

348 1873 460 1938 τῆς
529 1864 746 1938 Ἀσίης
811 1862 1021 1938 πάσης
1085 1862 1304 1943 ἄρχειν
1367 1860 1711 1945 εὐπετέως,
1774 1866 1840 1925 et
1902 1861 2070 1945 apud
2133 1860 2425 1947 Thucyd.
2484 1860 2565 1927 V.
2635 1860 2739 1927 14.

350 1975 558 2040 καλῶς
620 1969 976 2051 παρασχόν.
1039 1976 1104 2034 et
1164 1968 1242 2034 V.
1307 1966 1417 2033 60.
1479 1967 1739 2032 κάλλιον
1802 1964 2159 2049 παρασχόν.
2225 1972 2291 2032 et
2352 1966 2400 2031 I.
2471 1966 2621 2033 120.
2673 1962 2743 2033 εὖ

349 2075 718 2159 παρασχόν,
783 2075 864 2140 ad
926 2096 1116 2159 quem
1177 2074 1392 2140 locum
1437 2072 1833 2139 Scholiastae
1878 2072 2405 2141 annotatiunculs
2451 2081 2548 2139 est
2593 2073 2743 2140 nul-

347 2182 476 2249 lius
537 2181 727 2266 pretii
744 2228 760 2257 ,
828 2201 990 2266 quae
1051 2182 1244 2269 (quod
1306 2180 1582 2266 mireris)
1647 2179 1915 2245 totidem
1965 2180 2177 2245 verbis
2224 2182 2460 2265 scripta
2501 2179 2745 2267 legitur

349 2290 416 2353 in
480 2286 646 2363 λέξει
710 2287 1028 2353 Photiana
1091 2309 1156 2353 v.
1220 2284 1312 2352 Εὖ
1375 2286 1747 2367 παρασχόνε
1798 2285 1937 2350 οὶντὶ
1988 2289 2095 2350 τοῦ
2144 2282 2211 2351 εὖ
2258 2285 2736 2367 παρασχόντος·

351 2394 528 2465 δῆλον
599 2394 662 2459 δὲ
727 2398 833 2459 τοῦ
908 2394 1189 2470 δαίμονος
1293 2388 1330 2457 ὅ
1382 2394 1472 2461 έςι
1520 2389 1947 2472 δωρησαμένου
1996 2393 2105 2465 τὴν
2154 2392 2341 2467 νίκην.
2438 2392 2539 2459 Ad
2584 2392 2739 2459 haec

353 2499 814 2587 Aristophanes
863 2500 1132 2566 dixerit:

718 2603 760 2672 ὦ
809 2610 930 2672 Ζεῦ
979 2607 1294 2687 βασιλεῦ,
1344 2614 1454 2681 τῆς
1505 2604 1889 2678 λεπτότητος
1939 2610 2056 2670 τῶν
2102 2611 2355 2686 φρενῶν.

447 2816 736 2903 Thucyd.
789 2816 900 2882 III.
955 2817 1061 2882 64.
1115 2819 1177 2882 3.
1243 2816 1855 2896 ξυγκατεδουλοῦσθε
1918 2819 2167 2892 μᾶλλον
2231 2817 2577 2893 Αἰγινήτας
2637 2815 2743 2881 καὶ

355 2921 588 2994 ἄλλους
637 2922 810 2994 τινας
855 2929 968 2988 τῶν
1017 2922 1476 3001 ξυνομοσοὶντων
1521 2923 1580 3009 [ἢ
1616 2923 2035 3006 διεκωλύετε]
2087 2922 2231 2988 Non
2270 2927 2527 2987 tantum
2568 2921 2751 3010 frigi-

357 3029 514 3094 dum
561 3035 626 3094 et
671 3028 991 3095 insulsum
1038 3031 1157 3096 hoe
1203 3031 1715 3097 additamentum
1762 3034 1887 3104 est,
1937 3028 2047 3094 sed
2093 3029 2290 3094 etiam
2340 3030 2634 3114 ineptum
2682 3033 2749 3096 et

355 3133 727 3201 absurdum.
789 3133 1128 3222 Significat
1197 3137 1370 3201 enim
1439 3134 1542 3199 καὶ
1617 3135 2097 3199 κατεδουλοῦσθε
2168 3133 2273 3200 καὶ
2346 3133 2747 3220 διεκωλύετε,

354 3242 532 3306 ἀλλὰ
592 3245 772 3306 τοῦτο
834 3241 946 3317 μὲν
1012 3238 1225 3326 ήττον,
1290 3242 1476 3306 έκεῖνο
1527 3241 1588 3305 δὲ
1637 3245 1921 3325 μᾶλλον,
1970 3260 2095 3324 quo
2141 3240 2307 3306 nihil
2354 3245 2451 3306 est
2497 3261 2535 3308 a
2581 3240 2749 3308 ’Πιθ-

355 3348 672 3415 banorum
719 3351 1040 3416 sententia
1086 3348 1382 3416 alienius.

451 3557 742 3645 Thucyd.
789 3559 906 3624 III.
955 3557 1064 3624 65.
1113 3559 1310 3624 ἐλθεῖν
1357 3560 1526 3636 ήμοῖς
1577 3559 1638 3622 έν
1686 3555 1981 3629 σπονδαῖς
2030 3555 2139 3622 καὶ
2188 3557 2596 3638 ἱερομηνίΑῙΟ
2644 3558 2747 3626 ἐπὶ

360 3666 470 3740 την
545 3663 848 3745 ὑμετέραν
919 3664 1118 3731 πόλιν.
1213 3663 1607 3730 Herwerden
1669 3671 1735 3728 et
1794 3661 2099 3728 Meineke
2162 3664 2506 3748 ἱερομηνία,
2557 3671 2743 3732 recte.

359 3768 531 3835 Vera
577 3768 768 3835 lectio
815 3777 1102 3855 superest
1148 3790 1282 3854 cap.
1335 3767 1444 3834 56.
1493 3768 1558 3835 2.
1603 3769 1666 3833 ἐν
1712 3767 2006 3841 σπονδαῖς
2055 3768 2159 3834 καὶ
2208 3767 2457 3850 προσέτι
2510 3770 2749 3851 ἱερομη-

360 3874 460 3958 νία
481 3919 500 3952 ,
551 3875 719 3941 unde
766 3875 922 3942 haee
967 3877 1238 3960 repetita
1285 3889 1454 3940 sunt.

453 4083 746 4172 Thueyd.
811 4084 923 4150 ΙΙΙ.
986 4083 1095 4151 66.
1159 4086 1480 4167 τεκμήριον
1541 4086 1640 4152 δέ·
1694 4089 1799 4171 [ὥς
1848 4090 1915 4152 οὐ
1964 4088 2275 4166 πολεμίως
2326 4089 2744 4181 έπριέσσομεν]

365 4191 506 4256 οὔτε
566 4192 693 4269 γὰρ
759 4193 1136 4269 ἠδικήσαμεν
1201 4191 1435 4258 οὐδένα.
1531 4193 1875 4259 Emblema
1936 4197 2247 4280 expunxit
2310 4195 2639 4274 Meineke,
2688 4203 2754 4263 et

366 4293 524 4361 olim
570 4295 1034 4364 Valckenarius
1082 4301 1148 4362 in
1197 4301 1602 4364 annotatione
1647 4299 1779 4366 Me.
1829 4299 2186 4366 Notissima
2232 4301 2387 4366 haee
2436 4303 2751 4386 composi·

367 4400 459 4466 tio
505 4411 636 4466 est:
687 4411 932 4482 σημεῖον
980 4403 1070 4482 δέ,
1122 4407 1443 4484 τεκμήριον
1494 4405 1590 4484 δέ,
1642 4403 1971 4486 μαρτύριον
2021 4405 2086 4470 δέ
2132 4412 2433 4493 sequente
2480 4409 2625 4487 γάρ.
