3369 5142
666 325 797 395 188
1731 338 1972 394 mosao.

662 517 775 584 alii
843 520 1192 604 interreges
1240 513 1291 604 ¹)
1366 519 1431 582 et
1500 515 1758 581 tandem
1823 517 1934 582 vix
1997 518 2273 601 septimo
2335 537 2553 583 mense
2613 514 2944 582 Domitius
2989 519 3076 580 et

662 624 968 690 Messalla
1036 622 1324 689 consules
1392 622 1545 687 facti
1608 620 1912 688 honorem
1974 625 2274 688 inierunt.
2368 622 2490 689 Dio
2551 620 2724 688 Cass.
2777 623 2884 687 40.
2944 619 3068 688 17.

670 731 775 794 Gn.
844 728 1191 815 (Domitius)
1264 728 1549 792 Calvinus
1605 735 1661 791 et
1721 727 1997 792 Valerius
2049 729 2338 793 Messalla
2385 734 2486 794 via·
2531 730 2770 793 tandem
2808 728 3069 812 septimo

660 857 857 900 meme
914 837 1180 900 consules
1242 834 1431 898 creati
1476 840 1633 897 eunt.
1684 833 1764 897 cf.
1817 855 1952 918 cap.
2009 833 2116 898 45.
2167 834 2346 900 Idem
2396 855 2528 919 cap.
2583 834 2690 898 46.
2741 835 3068 918 Pompeius

662 941 920 1005 oblatam
964 943 1079 1004 eibi
1112 940 1470 1005 dictaturam
1506 961 1625 1004 non
1662 941 1917 1024 accepit,
1959 942 2069 1005 sed
2099 943 2366 1006 consules
2403 941 2628 1005 creavit
2667 940 3068 1026 (Domitium

662 1053 728 1112 et
782 1045 1195 1130 Messallam).
1274 1047 1513 1110 Oreavit
1572 1066 1802 1131 nempe
1863 1067 1976 1131 per
2035 1049 2424 1135 interregem
2485 1053 2549 1112 et
2593 1047 2684 1111 sic
2731 1045 3066 1131 extemplo

662 1153 967 1219 honorem
1016 1154 1317 1216 inierunt.
1374 1153 1477 1235 „Si
1514 1175 1624 1234 per
1668 1152 2015 1233 iratcrreqem
2067 1151 2312 1239 (Cicero
2357 1152 2594 1241 inquit)
2636 1153 2770 1216 eine
2798 1151 3066 1215 iudicio”

662 1278 785 1324 non
850 1257 1121 1324 dabatur
1182 1259 1353 1324 enim
1418 1259 1700 1342 spatium
1766 1256 1846 1322 ad
1903 1258 2325 1324 accusandum
2347 1307 2366 1342 ,
2417 1259 2515 1336 „ei
2554 1280 2664 1341 per
2709 1258 3064 1322 dictatorem

667 1375 861 1428 tamen
907 1370 1036 1428 sine
1067 1365 1402 1447 periculo.”
1458 1383 1608 1428 nam
1658 1365 1942 1428 accusari
1987 1369 2278 1449 poterant
2321 1363 2428 1430 sed
2473 1367 2611 1429 sine
2655 1367 2832 1429 metu
2877 1362 3060 1428 dam-

662 1473 939 1537 nationis
994 1489 1108 1555 per
1166 1469 1495 1534 dictatoris
1556 1486 1724 1553 opes.
1825 1469 2086 1535 Peracto
2145 1489 2366 1535 eorum
2431 1468 2767 1535 consulatu
2813 1470 3058 1534 iterum

664 1596 865 1642 novae
922 1577 1165 1640 turbae.
1261 1573 1609 1658 Pompeius
1668 1576 1842 1640 enim
1903 1577 2167 1641 comitia
2229 1575 2584 1640 consularia
2629 1578 2905 1640 traxerat
2951 1570 3058 1637 ἵνα

664 1685 726 1748 ἐν
771 1683 957 1766 χρείᾳ
1004 1681 1269 1758 γένοιντο
1322 1679 1684 1760 δικτάτωρος
1705 1728 1722 1758 ,
1773 1686 1932 1746 teste
1973 1683 2262 1767 Appiano
2301 1681 2373 1745 B.
2404 1678 2475 1746 C.
2502 1679 2583 1745 II.
2615 1679 2721 1745 19.
2767 1679 3056 1745 Tandem

670 1787 1017 1875 Pompeius
1066 1807 1227 1854 anno
1276 1785 1362 1851 52
1409 1807 1629 1851 mense
1663 1786 2064 1853 intercalario
2102 1786 2323 1853 consul
2359 1789 2495 1853 sine
2533 1785 2782 1874 collega
2805 1791 3057 1851 creatus

666 1901 761 1962 est
809 1900 873 1961 et
916 1915 997 1960 ne
1046 1894 1165 1960 hoo
1212 1892 1470 1978 quidem
1519 1911 1681 1958 anno
1720 1898 1974 1979 propter
2013 1893 2492 1958 candidatorum
2533 1892 2752 1957 turbas
2791 1892 3058 1957 comitia.

670 2000 1025 2068 consularia
1090 2000 1309 2064 haberi
1370 2002 1736 2084 potuerunt.
1832 1997 2052 2086 Itaque
2099 2019 2262 2064 anno
2313 1999 2390 2063 51
2443 1997 2538 2064 M.
2588 1997 2877 2064 Valerius
2920 2013 3058 2062 om

667 2106 743 2172 F.
825 2105 1119 2172 Messalla
1185 2105 1588 2172 consulatum
1658 2109 1874 2188 petere
1943 2108 2167 2191 coepit.
2267 2102 2637 2170 Postulatus
2704 2109 2801 2169 est
2865 2107 2930 2169 et
2975 2102 3058 2168 de

668 2212 921 2278 ambitu
982 2218 1048 2276 et
1094 2210 1172 2277 de
1219 2209 1555 2276 sodalitiis.
1647 2206 1817 2274 Cum
1863 2231 2102 2298 magna
2147 2210 2437 2276 iudicum
2484 2210 2754 2276 infamia
2799 2209 2876 2275 de
2919 2230 3058 2274 am-

665 2318 808 2382 bitu
876 2321 972 2382 est
1043 2312 1373 2381 absolutus
1444 2313 1554 2380 sed
1624 2314 1804 2381 brevi
1874 2321 2017 2402 post
2087 2316 2165 2382 de
2233 2315 2546 2382 sodalitiis
2605 2315 2751 2403 lege
2807 2315 3060 2382 Licinia

666 2423 1027 2488 damnatus.
1120 2420 1298 2487 Haec
1344 2416 1633 2486 Ciceroni
1680 2427 1893 2486 narrat
1938 2419 2194 2487 Caelius
2241 2421 2411 2488 VIII.
2464 2421 2506 2486 2
2555 2427 2620 2487 et
2667 2421 2732 2486 4.
2793 2419 2888 2486 De
2931 2421 3057 2487 hoc

664 2528 905 2595 iudicio
968 2526 1289 2595 inaudivit
1336 2523 1556 2594 Cicero
1609 2545 1808 2611 quum
1857 2524 2154 2594 Ciliciam
2201 2531 2423 2613 petens
2469 2526 2688 2615 Gyara
2730 2529 3056 2613 pervenis-

666 2642 784 2702 set.
832 2636 912 2702 ad
958 2636 1095 2701 Att.
1144 2632 1221 2700 V.
1273 2632 1381 2700 12.
1430 2632 1496 2699 2.

758 2742 1167 2808 Laudabatur
1235 2739 1564 2805 Hortensii
1633 2741 1872 2818 oratio,
1943 2761 2067 2826 qua
2123 2740 2296 2807 hunc
2355 2740 2757 2819 Messallam,
2825 2742 3056 2806 sororis

666 2868 816 2915 suae
876 2846 1121 2923 filium,
1185 2844 1485 2911 defendit.
1581 2843 1803 2911 Cicero
1861 2848 1928 2909 in
1986 2846 2187 2911 Bruto
2259 2867 2395 2932 cap.
2461 2845 2570 2913 96.
2631 2848 2902 2913 Brutus.-
2951 2869 3056 2929 eqo
3107 2922 3118 2927 ⁵

666 2976 833 3038 vere,
894 2953 1124 3039 inquit,
1192 2950 1573 3015 Hortensium
1616 2974 1890 3032 maynum
1935 2959 2220 3017 oratorem
2265 2974 2486 3037 semper
2519 2954 2739 3036 putavi
2783 2959 3056 3017 maa-ime-

668 3084 778 3147 que
813 3058 1066 3144 probavi
1096 3078 1215 3140 pro
1256 3057 1546 3120 Messalla
1582 3057 1868 3121 dicentem
1905 3080 2080 3143 quum
2123 3066 2189 3123 tu
2231 3056 2450 3124 Cicero
2489 3059 2767 3143 abfuisti.
2809 3058 3054 3123 Locum

670 3187 747 3231 ex
810 3184 885 3231 ea
932 3164 1213 3229 oratione
1261 3164 1544 3229 servavit
1588 3161 1882 3229 Valerius
1925 3163 2257 3229 Maximus
2304 3163 2379 3229 V.
2430 3163 2494 3230 9.
2548 3163 2606 3229 2.
2667 3164 2740 3246 Q.
2787 3165 3054 3229 Horten-

666 3271 794 3335 sius
852 3307 933 3319 --
998 3270 1349 3334 Messallam
1396 3290 1539 3332 suae
1585 3269 1811 3333 sororio
1839 3270 2054 3352 filium
2094 3306 2178 3318 —
2221 3271 2473 3334 ambitu-‘9
2517 3292 2679 3334 reum
2724 3270 3056 3356 defendens

666 3378 963 3442 iudicibus
1030 3375 1191 3440 dixit
1209 3404 1229 3440 .·
1296 3375 1355 3438 ei
1422 3376 1595 3438 illum
1656 3376 2038 3440 damnassent
2095 3376 2256 3439 nihil
2309 3375 2426 3440 siba·
2473 3383 2718 3460 praeter
2792 3378 3056 3441 oscum

668 3490 939 3568 nepotum
957 3531 975 3567 ,
1038 3481 1106 3545 in
1168 3482 1377 3565 qm'bm
1446 3486 1842 3565 acquiesceret
1855 3528 1873 3559 ,
1945 3474 2422 3566 superfuturum.
2517 3480 2815 3547 Habebat
2881 3483 3056 3547 enim

669 3588 1051 3655 Hortensius
1116 3585 1325 3651 filium
1400 3585 1511 3650 sed
1577 3584 1846 3670 perditis
1913 3585 2200 3651 moribus
2266 3591 2332 3652 et
2403 3587 2585 3653 vitiis
2655 3592 2720 3653 et
2790 3585 3056 3673 flagitiis

668 3700 1051 3781 coopertum.

760 3798 1014 3867 Valerio
1095 3798 1402 3865 Messalla
1470 3798 1806 3865 consulatu
1877 3799 2120 3867 deiecto
2189 3800 2264 3867 O.
2335 3800 2646 3867 Claudius
2715 3798 3058 3866 Marcellus

667 3905 889 3974 consul
953 3906 1161 3971 faetus
1230 3909 1330 3971 est
1398 3924 1545 3970 cum
1607 3904 1680 3969 L.
1749 3905 2030 3973 Aemilio
2091 3906 2342 3973 Paullo.
2414 3908 2495 3973 cf.
2559 3904 2926 3974 Ciceronem
2973 3905 3056 3971 ad

668 4011 901 4079 Famil.
948 4010 1093 4078 XV.
1146 4008 1390 4078 7—13.

742 4288 790 4348 1)
828 4286 993 4336 Cicero
1028 4284 1117 4335 hoc
1150 4300 1274 4335 anno
1308 4282 1411 4347 (53)
1448 4280 1615 4335 scribit
1648 4287 1709 4335 ad
1744 4282 2039 4337 'lh-ebatium:
2079 4284 2174 4337 nisi
2205 4292 2322 4339 ante
2355 4284 2500 4339 Roma
2527 4284 2773 4354 profectus
2803 4304 2921 4340 esses
2935 4302 3062 4339 nm

670 4384 772 4421 eam
806 4374 933 4418 certe
965 4368 1262 4433 relinqueres.
1303 4368 1417 4422 Quis
1450 4368 1575 4417 enim
1610 4373 1686 4418 tot
1719 4369 2004 4433 interr-cquis
2037 4369 2402 4421 iureconsultum
2435 4372 2710 4422 desiderat?
