3369 5142
601 306 730 373 180
1572 325 2006 378 mucronum.

686 497 850 565 VIII
914 497 1063 575 101,
1116 501 1179 564 2.
1242 497 1759 566 δειπνοποιοῦνται
1808 501 1869 565 ἐν
1917 499 2528 581 ’Λργενούσαις.
2623 498 2730 564 Sic
2779 497 2987 563 edidit

595 603 854 670 Classen
925 626 959 670 e
1027 604 1373 683 Vatican0‚
1434 625 1583 670 cum
1650 605 1881 692 reliqui
1937 607 2090 672 libri
2151 603 2429 671 habeant
2476 603 2986 685 Ἀργινούσσαις,

597 712 1094 790 Ἀργιννούσσαιι,Ι
1122 761 1137 788 ,
1202 711 1655 789 Ἀργινούσαις.
1747 712 2112 778 Insularum
2175 732 2411 777 nomen
2471 711 2824 777 formatum
2887 714 2990 774 est

600 816 680 881 ab
738 817 1060 897 οὶργεννός.
1122 818 1291 883 unde
1344 821 1415 883 in
1461 819 1700 884 vicinia
1743 818 1870 883 fuit
1913 820 1982 884 τὸ
2037 817 2360 897 ’Λργεννόν
2407 817 2816 900 ἀκρωτήριον,
2863 816 2985 896 ἀφ’

596 918 665 987 οὗ
729 922 1109 1008 ἄργεννόεις,
1161 923 1264 987 καὶ
1316 924 1486 988 κατὰ
1530 926 1870 1000 συναίρεσιν
1915 928 2239 1004 ὥργεννοῦς
2293 924 2398 987 καὶ
2445 921 2858 1004 ’Λργέννουσα
2911 919 2984 1005 (l.

598 1026 1051 1107 Ἀργεννοῦσσα
1099 1051 1174 1095 ex
1222 1032 1466 1115 optimo
1512 1029 1649 1096 cod.
1701 1029 2194 1118 Rhedigsrano).
2242 1029 2313 1095 τὸ
2354 1027 2590 1094 ἕθνικὸν
2629 1025 2986 1109 Ἀργεννού-

591 1157 733 1206 σιος.
819 1135 1175 1214 ’Λνδροτίων
1237 1137 1297 1200 ἐν
1356 1136 1442 1216 τῷ
1505 1138 1785 1215 τετάρτῳ
1848 1144 1958 1211 τῆς
2029 1133 2321 1209 ’Arsaos
2389 1136 2490 1201 διὰ
2563 1139 2671 1200 τοῦ
2743 1157 2784 1198 ι.
2876 1133 2985 1199 Sic

592 1240 815 1304 scribit
877 1239 1237 1327 Stephanus
1298 1241 1448 1328 Byz.
1520 1263 1565 1306 s.
1620 1262 1686 1307 v.
1756 1239 2199 1326 ’Λργέννουσα,
2261 1248 2338 1307 ut
2383 1261 2712 1327 perperam
2775 1239 2980 1306 edidit

591 1344 891 1411 Meineke
936 1368 1048 1431 pro
1094 1346 1407 1413 librorum
1450 1349 1766 1432 scriptura
1813 1349 2250 1427 Ἀργεννοῦσα.
2345 1346 2472 1414 Sed
2519 1352 2766 1414 veteres
2803 1345 2978 1410 Atti-

594 1470 698 1516 cos
761 1451 936 1539 (nam
996 1453 1155 1518 falsa
1214 1453 1472 1518 tradunt
1534 1454 1970 1540 grammatici)
2035 1457 2103 1518 in
2169 1453 2440 1536 talibus,
2503 1460 2578 1518 ut
2637 1475 2752 1538 par
2807 1457 2973 1528 erat,

594 1555 949 1643 duplicasse
993 1556 1277 1624 litteram
1324 1559 1695 1625 sibilantem
1735 1557 1924 1624 fidem
1961 1560 2154 1626 faciet
2191 1566 2596 1642 Τειχιοῦσσα,
2640 1559 2978 1644 quinquies

593 1663 838 1729 lectum
900 1668 967 1730 in
1011 1661 1084 1730 G.
1139 1665 1189 1731 Ι.
1237 1669 1317 1732 A.
1371 1666 1404 1731 I
1453 1665 1562 1731 37.
1612 1665 1780 1730 226.
1815 1665 1969 1731 251.
2019 1665 2174 1733 261.
2222 1665 2378 1731 264.
2469 1666 2612 1731 Iam
2663 1669 2720 1730 si
2765 1666 2978 1750 sequi-

596 1792 747 1835 mur
791 1769 1249 1837 Androtionem
1270 1819 1286 1849 ,
1336 1771 1712 1859 Thucydide
1753 1777 1930 1837 tanto
1969 1775 2174 1859 spatio
2216 1774 2530 1838 minorem
2554 1817 2572 1849 ,
2613 1771 2980 1856 optabimus

594 1879 979 1961 scripturam
1048 1877 1513 1956 Ἀργινούσσαις
1590 1877 1692 1963 (cf.
1745 1876 2166 1944 Homericum
2237 1876 2598 1961 οἱργινὸεις),
2672 1897 2786 1963 pro
2855 1895 2983 1961 qua

592 1982 797 2049 facere
858 1983 1062 2048 videri
1118 1985 1319 2068 possit
1380 1986 1800 2068 promontorii
1861 2004 2095 2050 nomen
2157 1983 2430 2050 absurdo
2491 1989 2755 2048 accentu
2801 1985 2980 2068 (nam

592 2089 725 2154 iota
793 2089 982 2156 breve
1054 2091 1173 2172 est)
1244 2091 1556 2173 scriptum
1620 2087 1900 2168 ’Λργῒνον
1961 2109 2154 2174 supra
2218 2110 2354 2175 cap.
2423 2088 2511 2154 34
2559 2085 2787 2175 (Godd.
2835 2087 2898 2152 A
2921 2087 2978 2152 B

596 2194 769 2260 κατὰ
818 2199 1057 2276 ῥηγῖνον
1080 2244 1095 2271 ,
1147 2197 1339 2260 ceteri
1387 2199 1529 2259 κατ’
1578 2195 1852 2280 οὶργῑνον)
1901 2201 1966 2262 et
2003 2195 2450 2283 corrigendum
2491 2192 2772 2276 ’Λργινόν
2809 2194 2981 2282 (Ἄρ-

595 2325 759 2376 γινον
775 2298 851 2386 7),
914 2304 1011 2365 sin
1072 2320 1222 2367 vero
1284 2303 1627 2386 probamus
1691 2301 2029 2389 vulgarem
2075 2307 2238 2367 teste
2285 2299 2608 2386 Stephano
2663 2299 2980 2366 scribendi

598 2407 931 2481 rationem,
957 2406 1493 2484 ’Λργεννούσσαις.
1521 2427 1714 2492 supra
1739 2408 2185 2495 corrigendum
2210 2410 2332 2473 orit
2355 2405 2698 2486 ’Apymdm
2741 2405 2976 2471 Utrum

595 2514 802 2600 igitur
838 2511 1247 2600 Thucydides
1284 2512 1755 2593 Ἀργινούσσαις
1797 2535 1876 2581 an
1915 2513 2418 2595 ’Λργεννούσσαις
2460 2514 2783 2599 scripserit
2805 2516 2976 2579 cert-o

596 2624 742 2687 sciri
790 2643 917 2688 non
961 2627 1204 2707 potest,
1248 2630 1583 2707 antequam
1626 2626 1980 2707 reperiatur
2021 2621 2254 2688 titulus
2307 2621 2574 2688 Euclide
2621 2622 2968 2705 antiquior,

600 2733 713 2794 aut
748 2728 963 2814 paullo
1011 2730 1207 2795 etiam
1252 2731 1582 2803 recentior,
1630 2732 1698 2792 in
1747 2745 1873 2814 quo
1921 2726 2276 2793 insularum
2322 2727 2820 2812 promontoriive
2865 2730 2978 2793 no·

597 2854 744 2900 men
784 2840 1101 2911 occurrat,
1140 2854 1367 2899 verum
1406 2834 1527 2899 hoo
1566 2837 1720 2899 satis
1755 2840 2000 2899 constat
2022 2837 2330 2900 vitiosum
2354 2854 2492 2899 esse
2513 2834 2971 2913 ’Λργενούσαις.

598 2940 839 3006 Vitiose
884 2939 1054 3004 idem
1104 2936 1362 3004 Classen
1407 2960 1557 3004 cum
1604 2942 1832 3006 ceteris
1877 2948 2138 3025 excepto
2185 2938 2434 3006 Stahlio
2479 2961 2632 3005 mox
2655 2938 2977 3021 Λάρισσαν

598 3045 775 3111 dedit
824 3044 962 3131 (pro
1009 3046 1317 3129 Λάρισαν)
1363 3046 1531 3129 quod
1576 3067 1702 3112 non
1748 3046 2033 3112 melioris
2065 3053 2248 3113 notae
2287 3052 2386 3113 est
2424 3068 2618 3134 quam
2659 3045 2975 3128 Κηφισσός

596 3158 709 3215 aut
768 3150 1055 3221 Ἰλισσός.
1127 3148 1467 3216 Servatum
1527 3160 1622 3217 est
1666 3151 1740 3218 C.
1775 3152 1830 3219 Ι.
1869 3152 1949 3217 Α.
1994 3150 2078 3219 37
2115 3161 2456 3235 Ληρισαῖοι.
2502 3151 2737 3220 Contra
2781 3154 2978 3236 scrip-

598 3266 811 3324 turam
872 3256 1232 3336 Παρνασσός
1296 3260 1723 3342 antiquiorem
1788 3280 1921 3325 esse
1981 3280 2171 3343 quam
2230 3258 2549 3340 [Ιαρνασός
2610 3260 2973 3343 nuperrime

598 3366 877 3430 ostendit
922 3363 992 3428 Ο.
1042 3362 1383 3447 ΒΙΒΜΑΝΝ,
1430 3362 1712 3428 Βαιίἰειίπ
1753 3366 1827 3429 de
1877 3366 2042 3430 Cot-r.
2091 3366 2260 3432 Hele.
2312 3366 2463 3432 VIH
2507 3388 2568 3452 p.
2621 3364 2754 3430 494
2801 3386 2891 3449 sq.

688 3468 855 3535 VIII
905 3470 1035 3535 102
1093 3468 1197 3534 καὶ
1246 3476 1357 3541 τῆς
1409 3469 1603 3543 αὐτῆς
1651 3470 1887 3545 ταύτης
1937 3471 2146 3544 νυκτὸς
2194 3476 2271 3542 ὣς
2317 3468 2490 3554 εἶχον
2536 3471 2774 3552 τάχους
2827 3471 2971 3534 ὑπο·

594 3572 891 3652 μίξαντες
954 3576 1217 3661 (iniuria
1276 3598 1467 3663 supra
1527 3575 1617 3641 VI
1666 3580 1728 3654 4,
1772 3574 1812 3640 6
1861 3576 2204 3645 sollicitavi
2251 3578 2774 3667 orthographiam
2820 3574 2974 3654 ξυμ-

596 3680 853 3758 μίκτων.
924 3678 1022 3746 Of.
1081 3681 1153 3748 C.
1214 3682 1269 3749 Ι.
1325 3686 1403 3748 A.
1468 3681 1498 3746 Ι
1559 3703 1623 3767 p.
1691 3680 1776 3745 93
1836 3680 1954 3747 col.
2017 3682 2110 3756 A,
2165 3681 2197 3746 1
2250 3684 2369 3770 sq.)
2441 3693 2518 3766 τῇ
2591 3684 2970 3764 Χερσονήσῳ,

597 3788 945 3866 παρέπλεον
992 3787 1091 3851 ἐπ’
1136 3792 1525 3859 Ἐλαιοῦντος
1572 3786 1930 3865 βουλόμενοι
1973 3788 2316 3854 ἐκπλεῦσαι
2355 3790 2416 3863 ἐς
2454 3790 2562 3865 την
2603 3790 2972 3871 εὐρυχωρίαν

606 3892 749 3979 [τὰς
815 3899 931 3957 τῶν
992 3892 1301 3970 πολεμίων
1350 3894 1471 3959 del.
1522 3892 1831 3978 Dobroe]‚
1880 3892 1986 3959 καὶ
2037 3895 2156 3967 τὰς
2204 3896 2317 3973 μὲν
2365 3896 2426 3960 ἐν
2472 3895 2720 3977 Ἀβύδῳ
2771 3893 2974 3961 ἑκκαί-

598 3999 748 4063 δεκα
819 4002 961 4070 ναῦς
1026 3998 1135 4083 (cf.
1187 3998 1297 4079 99,
1350 3998 1417 4083 2)
1483 3998 1732 4077 ἔλαθον,
1796 4000 2220 4078 προειρημένης
2282 4007 2572 4082 Φυλακῆς
2638 4003 2723 4083 τῷ
2787 4001 2973 4083 φιλίῳ

601 4106 875 4185 ἐπίπλῳ,
925 4101 1084 4177 ὅπως
1133 4106 1335 4169 αὐτῶν
1378 4106 1618 4176 ἀνακῶς
1665 4102 1936 4189 ἕξουσιν,
1986 4107 2093 4170 ἐὰν
2142 4107 2483 4173 ἕκπλέωσι·
2534 4108 2654 4179 τὰς
2699 4106 2762 4171 δὲ
2804 4105 2972 4184 μετὰ

599 4209 907 4289 Μινδάρου
955 4248 1041 4259 —-
1091 4212 1156 4275 ού
1203 4210 1498 4289 Φθάνουσι
1547 4214 1776 4275 πᾶσαι.
1836 4209 2056 4300 Vulgo
2101 4218 2440 4297 praeeunte
2485 4212 2842 4280 Scholiasta
2887 4214 2968 4293 τῷ

602 4318 789 4398 φιλίῳ
838 4317 1078 4397 ἐπίπλῳ
1126 4315 1483 4403 significare
1528 4322 1760 4402 putant
1808 4317 1922 4381 ὑπὸ
1967 4342 2028 4382 τ.
2055 4328 2135 4399 φ.
2185 4320 2488 4401 ἐπίπλου,
2535 4322 2578 4383 i.
2605 4340 2660 4385 e.
2711 4320 2825 4384 ὑπὸ
2864 4321 2970 4383 τοῦ

599 4422 769 4500 μετὰ
838 4422 1178 4509 Μινδάρου,
1246 4424 1357 4508 qui
1416 4444 1548 4509 cap.
1619 4422 1741 4488 101
1811 4424 2021 4490 dictus
2082 4434 2177 4491 est
2222 4427 2556 4512 navigasse
2600 4425 2680 4491 ad
2727 4424 2974 4491 Helles-
