3369 5142
484 215 617 286 222
1568 238 1787 290 menno

584 414 693 482 39.
745 417 956 494 „hunc
1001 434 1146 480 mea
1193 415 1513 483 sententia
1560 413 1799 480 divinis
1850 412 2228 499 quibusdam
2277 411 2458 478 bonis
2481 413 2867 478 instructum

490 527 679 608 atque
747 527 1038 588 ornatum
1102 522 1325 609 puto”,
1390 519 1788 588 tolerabilius
1853 527 1948 586 est
2010 520 2334 605 aliquanto
2386 521 2646 607 putabo.
2743 518 2867 598 Qui

493 628 685 694 dicit:
760 627 994 714 „puto”
1062 650 1373 715 semper,-
1410 630 1665 714 opinor,
1731 627 2110 691 sententiam
2173 649 2353 690 suam
2413 624 2684 710 profert;
2758 627 2869 709 qui

500 734 814 820 ‚3putabo'’
859 734 1179 822 sig-nificat
1226 734 1361 800 fieri
1408 755 1587 820 posse
1635 733 1746 797 sed
1792 753 1917 797 non
1963 731 2256 796 futurum
2303 752 2438 796 esse
2482 737 2556 795 ut
2595 729 2868 795 aliorum

498 839 846 905 sententiae
916 842 1297 926 obsequatur
1372 842 1529 925 (mea
1586 842 1884 904 sententia
1926 857 1998 892 =
2039 839 2204 903 meis
2259 837 2461 922 ipsius
2520 836 2871 901 rationibus

496 951 751 1013 tantum
801 947 1072 1031 ductus).
1124 945 1248 1012 Sed
1294 965 1517 1013 verum
1564 947 1867 1010 existimo
1907 957 2148 1032 putate.
2198 943 2520 1010 correctio
2566 942 2733 1008 facta
2779 947 2873 1008 est

488 1052 589 1145 ab·
622 1052 835 1138 aliquo
882 1055 993 1137 qui
1044 1051 1463 1118 anacoluthon
1512 1071 1635 1116 non
1682 1051 1902 1117 ferret:
1957 1073 2063 1136 eqo
2112 1099 2126 1114 .
2155 1098 2169 1115 .
2205 1097 2220 1114 .
2259 1048 2539 1138 putate.”

586 1156 691 1222 40.
758 1157 1039 1224 Pristina
1102 1160 1406 1226 severitas
1440 1160 1579 1224 ·vi1
1642 1177 1912 1242 usquam
1975 1161 2186 1242 potest
2231 1156 2526 1241 reperiri,
2581 1154 2872 1240 „chartae

493 1285 775 1350 quoque,
824 1284 985 1350 quae
1030 1263 1215 1329 illam
1264 1303 1347 1313 —
1398 1263 1838 1339 continebant,
1889 1262 2361 1338 obsoleverunt3
2415 1281 2616 1346 neque
2663 1260 2871 1326 solum

494 1370 664 1456 apud
728 1390 880 1447 nos,
944 1372 1055 1455 qui
1109 1370 1274 1435 hanc
1320 1375 1554 1436 sectam
1607 1371 2045 1454 rationemque
2090 1371 2262 1433 vitae
2307 1389 2376 1433 re
2422 1367 2634 1454 mag-is
2680 1387 2870 1450 quam

494 1476 706 1541 verbis
766 1477 970 1540 secuti
1017 1495 1272 1553 sumus,
1328 1475 1435 1541 sed
1486 1477 1679 1541 etiam
1735 1476 1901 1561 apud
1951 1472 2223 1541 Graecos
2243 1523 2259 1550 ,
2311 1475 2710 1540 doctissimos
2755 1473 2871 1538 ho-

494 1583 737 1664 mines,
786 1581 1051 1666 quibus,
1105 1602 1253 1647 cum
1301 1582 1507 1648 facere
1552 1602 1678 1647 non
1727 1587 2016 1666 possent,
2054 1579 2231 1665 loqui
2268 1585 2482 1646 tamen
2516 1585 2581 1644 et
2604 1579 2873 1644 scribere

492 1687 753 1752 honeste
822 1697 887 1752 et
958 1686 1297 1775 magnifice
1358 1685 1629 1763 licebat,
1695 1688 1824 1752 alia
1883 1685 2191 1771 quaedam
2256 1687 2514 1750 mutati-3
2583 1681 2874 1750 Graeciae

490 1795 868 1880 temporibus
912 1799 1245 1879 praecepta
1291 1793 1731 1860 exstiterunt.'’
2571 1865 2576 1868 ,

581 1898 724 1964 Non
770 1919 877 1964 me
923 1899 1243 1965 offendunt
1289 1901 1445 1964 ista:
1504 1920 1611 1976 „re
1652 1901 1865 1987 magis
1907 1919 2098 1984 quam
2139 1898 2351 1965 verbis
2389 1898 2592 1963 secuti
2617 1895 2874 1962 sumus”

498 2004 795 2090 (Bakiusz
846 2006 977 2070 vita
1022 2018 1079 2071 et
1126 2027 1190 2070 re
1226 2008 1427 2090 ’παρὰ
1464 2030 1525 2092 q.
1552 2030 1606 2069 v.
1634 2029 1682 2070 ε.
1709 2006 1784 2089 ε.)
1827 2007 2123 2091 quoniam
2165 2025 2290 2070 non
2328 2005 2515 2070 video
2543 2024 2873 2089 perperam

488 2112 618 2177 dici
683 2112 1031 2188 „rationem
1084 2112 1258 2175 vitae
1304 2117 1373 2174 re'
1419 2111 1659 2196 sequi’',
1684 2112 1963 2198 (morum
2014 2109 2294 2196 aliquam
2343 2110 2695 2176 doctrinam
2741 2109 2872 2175 fac-

490 2219 575 2281 tis
645 2239 693 2280 s.
764 2215 1009 2303 agendo
1071 2217 1396 2301 probare):
1458 2217 1567 2282 sed
1615 2219 1682 2281 in
1729 2217 2040 2302 proximis
2084 2217 2278 2283 verba
2330 2218 2636 2300 „mutatis
2683 2213 2876 2284 Grae·

490 2324 625 2389 ciae
690 2321 1117 2407 temporibus”
1180 2343 1339 2406 quae
1404 2320 1793 2389 Graecorum
1845 2325 2315 2389 excusationem
2364 2325 2713 2400 continent,
2769 2322 2874 2387 de·

490 2427 751 2494 bilitant
820 2430 1222 2492 sententiam.
1318 2427 1419 2493 Sit
1487 2449 1710 2494 verum
1738 2477 1752 2502 ‚
1827 2430 1991 2515 quod
2066 2432 2421 2515 continent,
2493 2436 2710 2494 tamen
2754 2430 2873 2495 hoc

489 2533 625 2615 loco
712 2554 837 2600 non
925 2539 1061 2600 erat
1143 2534 1503 2601 dicendum.
1610 2535 1750 2616 Quo
1835 2539 2046 2624 magis
2129 2539 2362 2601 mirum
2431 2542 2530 2603 est
2597 2533 2873 2603 Graecos

492 2662 739 2727 quoque
813 2641 1155 2707 descivisse
1226 2662 1263 2707 a
1324 2642 1536 2729 rigida
1599 2644 1875 2723 virtute,
1926 2664 1997 2707 eo
2042 2646 2252 2729 magis
2300 2642 2487 2709 debet
2535 2644 2874 2709 condonari

490 2748 819 2813 Romanis.
932 2746 1232 2812 Potestne
1322 2752 1646 2831 praeterea
1739 2753 2064 2834 „tempora
2146 2745 2482 2814 Graeciae”
2565 2749 2692 2817 dici
2759 2768 2871 2835 pro

494 2853 825 2931 „condicio
890 2849 1289 2918 Graeciae''?
1348 2852 1619 2919 Utinam
1668 2860 1836 2919 certe
1881 2853 2043 2919 illud
2099 2852 2391 2921 Graeciae
2435 2852 2713 2921 abesset!
2761 2856 2872 2922 sed

492 2956 726 3023 melius
772 2962 983 3024 totum
1032 2957 1208 3024 istud
1258 2958 1574 3024 abiicitur.

590 3062 825 3128 Contra
894 3065 1201 3129 omissum
1279 3063 1521 3149 aliquid
1584 3065 1842 3131 videtur
1900 3066 1935 3150 ς
1983 3066 2104 3131 42:
2172 3086 2367 3153 „ergo
2427 3064 2580 3131 haec
2626 3067 2872 3133 deserta

488 3172 599 3235 via
662 3175 727 3235 et
792 3168 1038 3235 inculta
1101 3174 1295 3255 atque
1354 3171 1700 3237 interclusa
1754 3174 1888 3238 iam
1947 3171 2275 3238 frondibus
2322 3179 2388 3237 et
2433 3172 2735 3260 virgultis
2779 3194 2870 3239 re·

494 3276 824 3360 linquatur
840 3296 855 3353 ;
910 3275 1094 3341 detur
1135 3275 1379 3361 aliquid
1428 3281 1659 3353 aetati,
1709 3280 1794 3342 sit
1841 3278 2264 3345 adulescentia
2309 3276 2626 3345 liberior.”

583 3384 911 3447 Assentior
949 3384 1119 3447 enim
1162 3382 1425 3447 Halmio
1446 3433 1465 3457 ‚
1509 3384 1858 3448 cedendum
1901 3406 2034 3449 esse
2075 3388 2442 3450 auctoritati
2479 3384 2875 3471 palimpsesti

488 3488 899 3553 Taurinensis
968 3487 1161 3572 (quod
1226 3494 1473 3572 partem
1548 3491 1855 3553 orationis
1918 3491 2200 3554 continet
2257 3490 2404 3555 inde
2472 3511 2509 3555 a
2548 3490 2583 3574 ᾖ
2623 3489 2758 3573 38),
2806 3494 2874 3555 in

489 3613 613 3677 quo
638 3598 768 3657 est:
799 3592 1041 3677 „aliqui
1067 3590 1324 3669 ludus”,
1355 3592 1741 3660 exciderunt
1769 3594 2013 3680 aliquot
2037 3595 2288 3660 litterae
2312 3596 2573 3683 (aliqui.
2596 3644 2610 3660 .
2629 3642 2646 3660 .
2672 3600 2718 3662 d
2740 3646 2754 3659 .
2774 3646 2789 3660 .
2812 3598 2874 3681 .);

488 3699 569 3764 cf.
626 3700 661 3783 ξ
712 3697 835 3762 28:
909 3698 1136 3773 „datur
1198 3700 1367 3763 enim
1416 3720 1715 3764 concessu
1771 3704 2060 3766 omnium
2107 3700 2258 3766 huic
2305 3700 2505 3787 aliqui
2553 3702 2734 3767 ludus
2778 3723 2877 3769 ae-

486 3805 675 3878 tati”,
745 3809 819 3868 ut
882 3806 947 3866 in
1008 3802 1122 3869 illo
1172 3824 1329 3881 „nec
1376 3802 1605 3869 lusisse
1658 3796 1890 3891 pudet,
1942 3806 2050 3871 sed
2097 3826 2219 3871 non
2270 3808 2546 3872 incidere
2594 3809 2874 3873 ludum.”

488 3908 615 3974 Sed
677 3930 754 3975 ex
814 3910 934 3974 hoc
980 3908 1118 3973 loco
1166 3910 1381 3975 ludum
1432 3913 1651 3975 aetatis
1699 3914 1933 3975 sumsit
1979 3914 2086 3997 qui
2130 3912 2421 3997 proxima
2465 3914 2876 3999 interpolavit

484 4022 561 4080 ut
620 4020 810 4101 puto,
876 4015 1030 4080 haec
1094 4014 1236 4081 volo
1302 4016 1362 4099 (ξ
1412 4014 1497 4077 42
1560 4015 1677 4080 sub
1746 4016 1893 4102 fin):
1964 4023 2324 4103 „postremo
2385 4039 2532 4084 cum
2595 4023 2876 4105 paruerit

484 4118 957 4205 voluptatibus,
1028 4119 1302 4205 [dederit
1370 4120 1613 4206 aliquid
1659 4126 1964 4208 temporis
2011 4124 2088 4189 ad
2135 4124 2362 4189 ludum
2413 4130 2639 4191 aetatis
2687 4132 2876 4211 atque

487 4228 567 4292 ad
624 4228 829 4291 inanis
875 4226 1063 4291 hasce
1110 4224 1579 4292 adulescentiae
1633 4227 2081 4312 cupiditates‚]
2127 4242 2377 4295 revocet
2424 4250 2490 4295 se
2536 4232 2875 4317 aliquando

485 4333 566 4404 ad
625 4353 846 4399 curam
907 4334 1000 4397 rei
1049 4332 1431 4399 domesticae
1449 4378 1464 4407 ‚
1515 4334 1609 4398 rei
1655 4333 1920 4401 forensis
1970 4337 2186 4420 reique
2233 4336 2584 4421 publicae.”
2674 4339 2877 4404 Inter-
