3369 5142
631 204 760 283 140
1601 230 2019 283 mammas.

625 430 759 484 γοις
821 406 1299 480 ΠΕΡῙωσθῶμεν
1363 404 1424 469 ἐν
1487 404 1653 482 ὐριῖν.
1716 404 2203 470 Emendandum
2268 409 2365 469 est
2426 400 2877 479 ΠΑΡεώο-ριεθα
2946 404 3012 464 et

627 514 1100 587 ΠΛΡωσθῶμεν.
1149 510 1607 577 Demosthenes
1653 531 1802 597 pag.
1852 509 1959 576 23.
2011 510 2115 574 14.
2153 514 2496 589 παρεῶσθαι
2534 510 2636 573 καὶ
2680 510 2739 572 ἐν
2781 506 3010 577 οὐδενὸς

627 614 781 685 εἶναι
852 617 1018 700 μέρει
1083 618 1185 682 τὸν
1245 621 1527 680 τοιοῦτον.
1593 622 1657 681 et
1722 636 1867 700 pag.
1934 614 2086 679 635.
2144 614 2248 679 13.
2296 613 2447 687 ὅλως
2497 614 2622 696 γὰρ
2674 616 3013 692 ἡγήσονται

626 724 972 805 παρεῶσθαι
1021 724 1132 800 μὲν
1179 721 1392 799 αὐτοί,
1444 722 1586 799 πρὸς
1637 722 2115 800 Κερσοβλέπτην
2162 722 2215 785 δ’
2266 722 2621 785 ἀποκλίνειν
2671 722 2857 797 ὑμᾶς.
2908 716 3009 785 Cf.

629 850 793 916 quae
837 830 1206 914 scripsimus
1251 830 1320 893 in
1379 827 1436 892 V
1429 850 1520 893 ar.
1567 828 1757 892 Lecta.
1808 846 1953 914 pag.
2002 826 2149 893 160.

719 1038 1013 1126 Thucyd.
1074 1037 1202 1104 III.
1270 1036 1377 1103 58.
1427 1038 1567 1101 θεῶν
1613 1034 1797 1102 ἕνεκα
1844 1038 1960 1103 τῶν
2004 1037 2428 1119 ξυμμαχικῶν
2479 1022 2721 1103 ΠΟΤΕ
2761 1037 3015 1117 γενομέ-

631 1171 772 1224 νων,
825 1148 1018 1211 etiam
1067 1146 1172 1209 hie
1217 1163 1332 1229 pro
1377 1142 1526 1209 ποτέ
1573 1142 2004 1228 reponendum
2043 1150 2139 1207 est
2176 1144 2350 1227 τότε,
2392 1146 2691 1227 quoniam
2731 1143 2809 1208 de
2847 1150 3017 1208 certo

594 1258 920 1338 ,tempore
965 1250 1120 1317 haee
1167 1248 1500 1328 dicuntur,
1549 1270 1779 1335 nempe
1826 1248 1905 1315 de
1950 1248 2309 1315 Plataeensi
2354 1248 2610 1334 proelio.

722 1460 1014 1548 Thucyd.
1078 1459 1202 1525 III.
1265 1457 1375 1524 59.
1431 1458 1570 1525 οὐτε
1635 1460 1805 1536 ἡμᾶς
1867 1459 2007 1535 τοὺς
2072 1459 2406 1541 εὐεργέτας
2452 1458 2788 1542 ἀλλοτρίας
2838 1457 3016 1525 ἕνεκα

631 1568 856 1651 ἔχθρας
933 1569 1050 1653 [μὴ
1122 1567 1347 1637 αὐτοὺς
1413 1566 1841 1651 ἀδικηθέντας]
1909 1568 2279 1649 διαφθεῖραι.
2372 1567 2484 1633 Bis
2544 1567 2714 1633 idem
2782 1566 3019 1633 dieitur

631 1677 918 1761 primum
985 1670 1419 1747 θουκυδιδείως,
1486 1672 1712 1738 deinde
1777 1673 2034 1760 vulgari
2093 1694 2379 1739 sermone
2444 1683 2568 1746 τοῖς
2621 1675 3015 1753 ἐπιτυχοῦσιν

632 1778 922 1858 ὀνόμασιν
940 1828 955 1853 ,
1004 1783 1069 1844 et
1115 1777 1554 1843 dubitabimus
1601 1779 1877 1845 alterum
1926 1776 2187 1845 tollere?

727 1988 1024 2076 Thucyd.
1073 1986 1196 2052 HI.
1247 1985 1329 2052 61
1381 1986 1441 2051 2.
1493 1990 1671 2065 ἡμεῖς
1722 1987 1775 2053 δ’
1822 1990 2034 2061 αὐτοῖς
2082 1988 2352 2070 διάφοροι
2403 1990 2741 2069 ἐγενόμεθα
2790 1999 3017 2074 πρῶτον

634 2091 735 2163 ὅτῙ
787 2133 874 2145 -
922 2094 1031 2159 οὐκ
1095 2092 1291 2168 ἠξίουν
1339 2088 1496 2158 οὗτοι
1547 2130 1632 2143 -
1684 2094 2159 2172 ἧγεμονεύεσθαι
2210 2098 2319 2177 ὐφ’
2368 2098 2552 2173 ἡμῶν.
2644 2098 3016 2187 Legendum

637 2201 766 2270 ὅτε
823 2220 938 2287 pro
1002 2195 1100 2263 ὅτι
1124 2244 1141 2276 ,
1193 2218 1344 2263 nam
1388 2201 1737 2284 requiritur
1782 2199 2162 2287 significatio
2210 2205 2515 2287 temporis
2532 2250 2548 2278 ,
2596 2224 2675 2269 ex
2722 2224 2844 2289 quo
2891 2207 3018 2291 pri·

637 2329 823 2377 mum
871 2305 1016 2372 odia
1059 2312 1210 2369 nata
1256 2311 1421 2369 sunt.
1473 2304 1544 2370 Si
1586 2325 1808 2371 causas
1852 2308 2338 2374 inimicitiarum
2388 2309 2667 2376 indicare
2711 2310 3021 2377 voluisset

635 2415 988 2501 scripsisset
1035 2417 1266 2492 πρῶτον
1313 2420 1500 2477 ΜΕΝ
1549 2406 1657 2476 ὅτι.

727 2625 1018 2713 Thucyd.
1081 2623 1195 2688 111.
1233 2577 1366 2746 pl2.
1419 2622 1479 2688 3.
1543 2620 1691 2704 ὅπερ
1739 2625 1827 2692 ἐςὶ
1880 2625 2077 2703 νόμοις
2124 2628 2237 2702 μὲν
2289 2628 2395 2692 καὶ
2444 2630 2526 2710 τῷ
2574 2629 3017 2710 σωφρονεςοίτῳ

636 2727 1115 2813 ἐναντιώτατον,
1165 2727 1504 2808 ἐγγυτάτω
1546 2728 1608 2793 δὲ
1656 2728 1965 2814 τυράννου,
2015 2719 2313 2816 quoniam
2353 2753 2426 2798 eo
2464 2755 2653 2800 sensu
2690 2735 2761 2798 τὸ
2784 2742 3017 2816 σῶφρον

635 2840 903 2914 dieitur,
953 2855 1076 2900 non
1124 2833 1192 2898 τὸ
1241 2833 1701 2916 σωφρονέςατον
1726 2885 1741 2910 ,
1802 2834 2086 2901 multum
2138 2838 2373 2904 arridet
2418 2838 2831 2906 Herwerdeni
2876 2862 3019 2907 con-

632 2947 879 3012 iectura
937 2945 1020 3018 τῷ
1083 2940 1340 3021 σώφρονι
1407 2939 1656 3006 παντων
1719 2943 2179 3009 ἐναντιώτατον.
2276 2943 2593 3012 Similiter
2652 2946 2886 3012 dicitur
2950 2949 3019 3012 τὸ

635 3049 956 3132 Φρόνιμον,
1004 3046 1074 3112 τὸ
1121 3045 1368 3123 κόσμιον
1419 3052 1483 3113 et
1528 3047 1769 3112 similia
1810 3047 2018 3134 plura.
2064 3049 2404 3136 Euripides
2442 3053 2692 3136 Hippol.
2728 3073 2827 3119 vs.
2863 3051 3020 3120 431.

995 3157 1156 3235 φεῦ,
1203 3159 1368 3235 φεῦ,
1417 3153 1486 3219 τὸ
1535 3160 1771 3236 σῶφρον
1816 3157 1893 3227 ὥς
1941 3154 2323 3236 ἁπανταχοῦ
2373 3156 2585 3222 καλόν.

727 3364 1019 3452 Thucyd.
1084 3363 1212 3430 111.
1277 3362 1384 3428 62.
1451 3364 1514 3429 4.
1561 3367 1630 3429 in
1675 3363 1860 3429 libris
1906 3369 2029 3432 est:
2086 3367 2191 3430 καὶ
2244 3370 2275 3442 ἦ
2325 3367 2637 3446 ξύμπασα
2686 3367 2864 3442 πόλις
2914 3371 3019 3434 οὐκ

637 3470 1025 3553 αὐτοκράτωρ
1075 3467 1226 3536 οὐσα
1276 3469 1499 3544 ἑαυτῆς
1549 3471 1720 3534 τοῦτ’
1768 3467 2047 3547 ἔπραξεν.
2120 3471 2509 3540 Herwerden
2556 3477 2860 3541 correxit:
2912 3476 3017 3540 καὶ

638 3587 808 3645 OTX
874 3579 909 3652 ἧ
975 3574 1292 3652 ξύμπασα
1359 3575 1536 3648 πόλις
1599 3578 1795 3640 ΟὙΔ’
1843 3575 2235 3658 αὐτοκράτωρ
2280 3576 2433 3644 οὐσα
2485 3580 2731 3656 ἑαυτῆς.
2826 3581 3023 3647 Recte

633 3687 755 3766 οὐχ
823 3685 1094 3748 inseruit
1158 3682 1266 3747 sed
1331 3681 1452 3746 οὐδ’
1515 3682 1829 3745 omissum
1893 3685 2195 3767 oportuit.
2291 3684 2435 3750 Non
2494 3686 2682 3752 aliter
2742 3691 2915 3754 enim
2985 3690 3017 3762 ἦ

629 3789 944 3869 ξύμπασα
992 3785 1170 3857 πόλις
1217 3787 1282 3850 id
1331 3786 1536 3852 faeere
1581 3790 1797 3872 potuit
1848 3791 1973 3852 nisi
2020 3789 2409 3871 αὐτοκράτωρ
2458 3785 2611 3857 οὐσα
2661 3795 2907 3869 ἑαυτῆς.

723 3997 1016 4085 Thucyd.
1080 3995 1190 4061 III.
1245 3995 1348 4060 62.
1404 3995 1464 4062 5.
1533 3996 1638 4061 καὶ
1690 3998 1831 4068 τοὺς
1878 3996 2111 4072 ἄλλους
2159 4005 2260 4065 νῦν
2308 4002 2623 4080 προθύμως
2670 4001 3023 4079 ξυνελευθε-

631 4112 851 4188 ροῦμεν
911 4102 1208 4170 ἵππΟΤΟ
1266 4101 1650 4183 παρέχοντες
1721 4103 1825 4168 καὶ
1888 4107 2305 4183 παρασκευήν.
2398 4107 2613 4174 Stulta
2676 4109 2865 4174 lectio
2928 4117 3024 4176 est

630 4210 892 4296 ἵππους,
962 4210 1226 4274 dixisset
1292 4207 1521 4275 saltem
1591 4210 1847 4281 ἱππέας.
1952 4211 2074 4278 Sed
2150 4234 2369 4280 verum
2448 4215 2701 4280 videtur
2770 4214 3019 4282 ἵππΟΝ

633 4317 1034 4401 παρέχοντες.
1084 4321 1158 4380 ut
1204 4315 1258 4378 Ῑ.
1309 4313 1418 4380 62.
1473 4315 1791 4381 διακεσίαν
1830 4313 2051 4394 ἵππον,
2096 4324 2161 4384 et
2198 4321 2289 4384 sie
2314 4323 2570 4404 passim.
2624 4319 2749 4402 Qui
2788 4323 3015 4396 ἱππέας
