3369 5142
1358 390 1782 441 muormnss.
2642 370 2772 437 129

473 562 761 653 Thucyd.
831 564 946 631 III.
1001 562 1106 631 20.
1160 565 1221 631 3.
1271 564 1534 641 ἔμελλον
1585 566 1634 629 οἱ
1686 564 1801 642 μέν
1848 588 2006 636 τινες
2056 563 2559 645 ἁμαρτήσεσθαι,
2609 563 2661 628 01
2708 561 2773 627 δὲ

383 671 632 743 πλείους
718 668 1042 747 τεύξεσθαι
1122 676 1230 737 τοῦ
1301 672 1562 744 ἀληθοῦς
1639 672 2031 756 [λογισμοῦ].
2122 669 2319 737 Recte
2384 668 2771 737 Herwerden

382 783 689 856 λογισμοῦ
760 777 1034 843 delevit:
1124 797 1250 843 non
1325 783 1460 843 erat
1531 779 1703 844 enim
1775 776 2077 856 λογισμός
2149 776 2259 843 sed
2326 773 2767 856 ξυμμέτρησις.

385 884 722 951 Praeterea
767 883 1174 951 scribendum
1218 884 1545 961 τάληθοῦς.

473 1096 766 1183 Thucyd.
829 1096 941 1161 IH.
1006 1098 1116 1161 22.
1185 1094 1245 1161 2.
1317 1094 1620 1176 διέχοντες
1684 1096 1845 1161 πολὺ
1910 1092 2067 1178 ἦσαν
2128 1091 2287 1169 ὅπως
2334 1096 2420 1162 τὰ
2467 1091 2636 1161 ὅπλα
2686 1099 2775 1174 μη

385 1202 713 1283 κρουόμενα
781 1202 925 1283 πρὸς
988 1200 1250 1277 ἄλληλα
1317 1201 1593 1277 αἴσθησιν
1655 1202 1942 1283 παρέχοι.
2037 1200 2436 1287 Transpone:
2483 1196 2643 1276 ὅπως
2687 1204 2776 1281 ριὺ

385 1309 468 1373 τοὶ
519 1304 688 1374 ὅπλα
738 1306 1090 1389 κρουόμενα.

479 1516 766 1604 Thucyd.
818 1516 932 1583 111.
986 1516 1094 1584 22.
1146 1519 1207 1583 4.
1258 1518 1588 1598 κατέβαλε
1631 1516 1757 1597 γάρ
1798 1540 1891 1591 τις
1921 1552 2005 1565 -
2031 1518 2372 1598 κεραμίδα,
2415 1516 2450 1594 ἣ
2493 1522 2773 1583 πεσοῦσα

387 1621 591 1702 ψόφον
665 1624 963 1697 ἐποίησεν.
1057 1622 1132 1689 In
1193 1627 1440 1711 optimo
1503 1623 1716 1690 codice
1782 1623 1997 1688 δοῦπον
2058 1645 2171 1709 pro
2231 1622 2439 1706 ψόφον
2496 1622 2774 1711 legitur,

382 1728 549 1813 quod
595 1750 822 1795 verum
873 1750 1006 1797 esse
1053 1730 1328 1797 videtur.
1380 1730 1538 1811 Quis
1583 1729 1755 1795 enim
1804 1750 1913 1815 pro
1959 1731 2288 1795 notissimo
2334 1729 2537 1809 ψόφον
2586 1734 2771 1795 vetus

382 1841 447 1899 et
511 1837 834 1920 poeticum
903 1834 1120 1899 δοῦπον
1167 1832 1646 1901 substituisset?
1690 1834 2094 1921 Hesychius:
2146 1839 2492 1900 Δοῦπονε
2542 1832 2768 1916 ψόφον.

381 1938 734 2025 Xenophon
784 1942 971 2005 Anah.
1026 1940 1106 2007 II.
1161 1944 1222 2006 2.
1276 1940 1381 2007 19.
1431 1940 1675 2022 θόρυβος
1727 1940 1833 2005 καὶ
1882 1942 2100 2013 δοῦπος
2151 1935 2235 2013 ἦν.

470 2148 758 2235 Thuoyd.
826 2150 939 2217 ΙΙΙ.
1007 2152 1116 2217 22.
1185 2150 1247 2221 ’7.
1297 2154 1347 2219 οἱ
1397 2150 1725 2233 τριακόσιοι
1773 2145 1858 2223 οἷς
1904 2150 2203 2217 ἐτέτακτο
2248 2154 2665 2233 παραβοηθεῖν
2716 2153 2773 2219 εἴ

384 2276 442 2317 τι
511 2253 646 2319 δέοι.
741 2256 1126 2325 Herwerden
1193 2259 1532 2344 reponebat
1591 2257 2045 2323 ἘΠετέτακτο.
2140 2258 2373 2327 Malim
2416 2262 2771 2326 ΠΡΟΟετέ-

383 2382 576 2424 τακτο
599 2407 615 2438 ,
679 2363 848 2446 quod
907 2366 976 2428 in
1026 2364 1142 2430 tali
1186 2386 1254 2432 re
1301 2363 1602 2431 usitatius
1649 2370 1745 2431 est
1791 2370 1856 2431 et
1899 2370 2154 2451 propter
2198 2370 2424 2431 notum
2472 2386 2767 2453 compen·

382 2466 563 2531 dium
611 2490 752 2549 προς
801 2470 988 2537 facile
1035 2471 1293 2539 excidit.

471 2678 760 2765 Thucyd.
825 2677 940 2744 III.
1008 2677 1117 2744 23.
1181 2679 1246 2745 2.
1309 2683 1338 2744 ό
1398 2678 1462 2744 δὲ
1529 2678 2059 2762 Δῑακομιζόμενος
2126 2679 2220 2746 ἀεὶ
2271 2677 2450 2750 ἵςατο
2499 2681 2601 2746 ἐπὶ
2649 2687 2757 2748 τοῦ

379 2783 630 2863 χείλους
703 2793 812 2857 τῆς
884 2784 1148 2866 τάφρου.
1241 2785 1409 2852 Loco
1467 2805 1582 2852 suo
1641 2789 2073 2870 reponendum
2141 2790 2237 2851 est
2296 2786 2400 2852 οἶεΙ
2460 2788 2581 2852 sic:
2631 2787 2659 2851 ό
2708 2788 2762 2854 δ’

382 2891 546 2955 ’ΛΕΙ
609 2888 1102 2970 διακομιζόμενος
1147 2889 1350 2960 ἵςατο.
1441 2891 1781 2957 Exciderat
1828 2890 1997 2956 eniin
2048 2897 2195 2956 ante
2242 2901 2329 2956 ΔΙ
2378 2898 2444 2958 et
2490 2895 2557 2957 in
2596 2914 2762 2959 mar-

379 2997 530 3082 gine
593 2995 960 3082 suppletum
1025 2999 1094 3062 in
1154 2996 1430 3064 alienam
1487 2997 1701 3064 sedem
1746 3000 2020 3082 irrepsit.
2072 2997 2153 3062 cf.
2207 2995 2258 3062 1.
2310 2998 2413 3063 11.
2462 3001 2629 3080 μέρει
2677 3002 2761 3082 τῷ

377 3099 474 3166 ἀεὶ
542 3103 815 3182 παρόντι.
877 3101 927 3166 Ι.
995 3100 1106 3166 22.
1168 3104 1298 3185 περὶ
1349 3109 1466 3167 τῶν
1511 3103 1606 3167 ἀεὶ
1658 3103 1970 3183 παρόντων
2016 3101 2065 3168 Ι.
2117 3101 2224 3170 97.
2273 3107 2764 3179 Πελοποννησίων

377 3209 518 3280 τοὺς
580 3208 678 3272 ἀεὶ
743 3207 1364 3291 προστυγχάνοντας.
1433 3207 1546 3274 III.
1607 3209 1710 3274 ll.
1760 3215 1877 3274 τῶν
1919 3208 2015 3272 αεὶ
2065 3206 2435 3289 προεςώτων.
2485 3209 2599 3275 III.
2650 3211 2759 3280 37.

376 3319 494 3379 τῶν
559 3314 656 3379 ἀεὶ
721 3315 1088 3393 λεγομένων.
1145 3313 1258 3382 III.
1325 3313 1436 3380 38.
1502 3317 1620 3380 τῶν
1682 3314 1781 3378 ἀεὶ
1845 3313 2110 3380 ἀτόπων.
2161 3314 2287 3381 ΙΙΙ.
2340 3313 2446 3382 77.
2496 3317 2613 3389 τὰς
2662 3317 2759 3384 ἀεὶ

377 3420 824 3502 πληρουμένας.
889 3418 997 3484 IV.
1067 3419 1176 3486 68.
1244 3427 1360 3485 τῶν
1426 3419 1760 3494 Ἀθηναίων
1807 3418 1915 3496 ἤδη
1964 3419 1992 3484 ὃ
2041 3419 2138 3484 οξε)
2188 3420 2351 3494 ἐντὸς
2400 3422 2765 3499 γιγνόμενος

377 3533 572 3608 χωρεῖ
613 3526 710 3590 ἐπὶ
761 3525 832 3590 τὸ
875 3533 1088 3607 τεῖχος
1111 3576 1129 3611 ,
1175 3527 1288 3612 qui
1333 3531 1504 3592 locus
1549 3533 1764 3592 nostro
1810 3524 2187 3592 simillimus
2234 3531 2349 3592 est.

465 3733 757 3821 Thucyd.
803 3733 928 3800 ΙΠ.
975 3735 1080 3801 24.
1148 3734 1412 3818 ἐχώρουν
1461 3771 1544 3784 -
1591 3736 1703 3808 τὴν
1753 3735 1813 3807 ἐς
1864 3732 2091 3812 Θήβας
2137 3731 2445 3816 φέρουσαν
2490 3736 2619 3803 ὃδὸν
2671 3777 2753 3789 -

375 3840 714 3922 νομίζοντες
787 3837 1026 3915 ἤκιστΑ
1095 3845 1270 3922 σφᾶς
1342 3842 1581 3916 ταύτην
1643 3841 1869 3914 αὐτοὺς
1937 3841 2321 3917 ὑποτοπῆσαι
2391 3844 2758 3926 τραπέσθαι.

376 3945 760 4011 Dubitanter
817 3945 1204 4013 Hel-werden
1273 3948 1512 4030 „ma-lim
1574 3945 1733 4022 ἤκις*
1781 3944 1919 4012 ἄν.”
2011 3945 2135 4012 Sed
2184 3947 2364 4014 nulla
2407 3956 2503 4015 est
2548 3953 2616 4016 in
2664 3953 2765 4020 his

378 4055 553 4139 optio
621 4057 734 4118 aut
779 4052 1134 4131 dubitatio,
1183 4056 1334 4137 quia
1371 4054 1522 4120 'AN
1571 4053 1751 4120 nullo
1799 4053 1990 4120 modo
2036 4054 2252 4120 abesse
2297 4060 2525 4140 potest.
2622 4057 2769 4125 Sae-

375 4159 640 4243 pissime
685 4156 762 4222 ἄν
809 4156 1134 4222 intercidit
1181 4163 1324 4244 post
1369 4159 1656 4237 μάλιςα,
1710 4158 1933 4236 ἥκιςα,
1974 4160 2253 4227 καλλιςα
2304 4165 2371 4224 et
2410 4163 2580 4238 sim„
2620 4183 2773 4248 quo-

379 4265 550 4328 niam
634 4261 1031 4332 MAAICTX
1103 4266 1498 4332 scribebatur
1567 4271 1632 4331 et
1702 4262 1950 4330 librarii
2014 4263 2313 4332 lineolam
2378 4265 2473 4350 (id
2528 4273 2627 4332 est
2684 4273 2774 4356 N)

379 4367 817 4458 negligebant.

2448 4579 2479 4630 9
