3369 5142
1354 344 1770 395 mumma&
2622 326 2750 395 439

376 519 545 583 tione
594 513 891 583 Graeculi
938 516 1179 581 addunt
1227 518 1420 592 αὐτῆς
1438 565 1455 595 ,
1506 517 1764 583 Veteres
1801 538 1923 584 non
1967 520 2146 585 item.
2187 518 2558 603 praesertim
2602 521 2753 605 quia

373 626 663 710 proxime
711 623 1061 708 praecedit:
1112 623 1217 687 καὶ
1269 624 1557 696 πεσόντος
1610 627 1820 689 αὑτοῦ.

464 836 754 923 Thucyd.
805 836 920 901 lV.
977 820 1075 901 121.
1137 836 1195 903 3.
1248 836 1491 915 ἐγένετο
1541 838 1567 899 ὅ
1620 836 1864 915 θόρυβος
1915 838 2124 917 μέγας
2177 838 2342 925 [καὶ]
2383 842 2748 918 ἀντηλλαγ-

372 944 553 1020 μένου
614 947 721 1007 τοῦ
771 944 1065 1023 ἑκατέρων
1112 942 1335 1021 τρόπου
1382 944 1515 1023 περὶ
1566 943 1686 1015 τάς
1735 950 1902 1015 ναῦς.
1977 946 2156 1011 Libri
2200 946 2746 1024 άντηλλαγμένος,

371 1050 539 1135 quod
586 1052 743 1115 bene
789 1058 1140 1115 correctum
1192 1052 1299 1117 sed
1348 1051 1564 1117 eadem
1614 1071 1802 1136 opera
1847 1052 1954 1115 καί
1999 1058 2386 1138 expunctum
2430 1054 2710 1139 oportuit
2731 1104 2747 1137 ,

371 1158 537 1241 quod
588 1178 757 1221 nunc
801 1160 1031 1223 vitiose
1080 1157 1375 1222 abundat.

459 1368 533 1435 In
600 1371 781 1435 libris
852 1377 947 1435 est
1003 1370 1113 1435 IV.
1184 1370 1283 1434 15.
1346 1368 1541 1445 ἔδοξεν
1606 1374 1816 1443 αὐτοῖς
1867 1410 1948 1421 ---
1990 1374 2076 1437 τά
2124 1372 2272 1448 τέλη
2326 1373 2742 1452 καταβάντας

374 1477 432 1547 ἐς
500 1478 565 1541 τὸ
615 1475 983 1555 ςρατόπεδον
1029 1476 1347 1555 βουλεύειν
1396 1488 1793 1558 παραχρῆμα
1841 1482 2182 1559 ὁρῶντας
2235 1478 2298 1558 δ’,
2342 1506 2402 1545 τι
2451 1480 2526 1545 ἂν
2579 1482 2741 1561 δοκῇ.

370 1582 495 1648 Pro
542 1584 813 1650 absurdo
860 1588 1117 1662 ὁρῶντας
1160 1587 1413 1650 restitui
1454 1586 1619 1669 quod
1657 1590 1822 1651 ratio
1863 1586 2144 1672 postulat
2183 1587 2444 1667 δρῶντας
2485 1595 2548 1653 et
2571 1588 2744 1653 mul-

372 1690 455 1753 tis
516 1690 824 1775 exemplis
870 1691 1116 1756 ostendi
1162 1692 1299 1769 ἑρᾶν
1350 1698 1414 1755 et
1460 1691 1601 1770 δρῶν
1652 1696 1819 1757 inter
1857 1713 1924 1757 se
1970 1695 2240 1759 misceri.
2330 1693 2503 1760 Hinc
2557 1698 2746 1761 corri-

363 1797 573 1885 genda
616 1803 711 1861 est
756 1797 1169 1863 Herwerdeni
1215 1802 1553 1863 annotatio.

452 2007 739 2093 Thucyd.
790 2006 903 2071 IV.
960 2004 1063 2071 16.
1114 2006 1173 2071 2.
1226 2004 1285 2085 δ’,
1339 2033 1398 2072 τι
1450 2010 1501 2074 δ’
1556 2008 1632 2073 ἂν
1684 2011 1915 2073 τούτων
1963 2010 2431 2088 παραβαίνωσιν
2471 2010 2740 2092 ἑκάτεροι

368 2116 499 2199 [καὶ
565 2116 755 2179 ὁτιοῦν
816 2114 983 2198 τότε]
1030 2112 1326 2178 λελύσθαι
1382 2116 1499 2186 τὰς
1552 2115 1839 2186 σπονδάς.
1911 2118 2052 2181 Non
2097 2125 2360 2202 possunt
2405 2123 2470 2183 in
2519 2120 2764 2185 eadem.

361 2226 671 2287 sententia
730 2222 1031 2306 coniungi
1097 2216 1161 2296 δ’,
1223 2245 1280 2282 τι
1334 2226 1397 2285 et
1444 2224 1657 2287 ὁτιοῦν.
1751 2220 1978 2287 Dicam
2028 2225 2194 2289 unde
2243 2225 2508 2291 molesta
2548 2226 2742 2291 verba

358 2330 751 2415 irrepserint:
825 2348 1052 2412 nempe
1116 2348 1192 2391 ex
1256 2349 1391 2413 cap.
1465 2327 1573 2393 23.
1638 2328 1829 2407 εἴρητο
1887 2331 1994 2393 ἐὰν
2042 2330 2174 2393 καὶ
2225 2332 2482 2395 ὃτιοῦν
2533 2355 2738 2410 παρα-

359 2436 525 2517 βαθῇ
598 2424 894 2500 λὲλύσθαι
962 2434 1075 2505 τοὶς
1138 2434 1425 2507 σπονδάς.
1478 2434 1765 2499 Utuntur
1811 2436 2222 2501 Athenienses
2267 2440 2501 2503 acriore
2547 2440 2740 2503 verbo

342 2544 469 2616 ,sed
532 2542 703 2608 idem
766 2538 1181 2629 significante.
1256 2540 1353 2606 Ex
1400 2541 1618 2608 eodem
1668 2541 1806 2607 loco
1854 2550 2111 2628 apparet
2159 2543 2300 2607 τότε
2350 2565 2482 2610 esse
2530 2544 2735 2610 delen-

360 2651 513 2715 dum
558 2671 709 2714 nam
758 2649 1061 2731 temporis
1106 2646 1485 2734 significatio
1533 2669 1569 2713 a
1617 2649 1743 2714 loci
1784 2652 2095 2714 sententia
2147 2651 2460 2716 abhorret.

451 2862 739 2948 Thucyd.
804 2861 915 2926 IV.
984 2861 1083 2925 16.
1128 2862 1192 2926 2.
1246 2863 1564 2927 ἑσπεῖσθαι
1618 2864 1667 2928 δ’
1720 2864 1918 2935 αὐτάς
1971 2864 2157 2944 μέχρι
2210 2863 2276 2930 οὗ
2324 2865 2739 2931 ἐπανέλθωσιν

364 2969 469 3057 [οἱ]
536 2970 603 3032 ἐκ
650 2975 765 3032 τῶν
816 2967 1078 3040 Ἀθηνῶν
1128 2968 1625 3043 Λακεδαιμονίων
1675 2971 1987 3048 πρέσβεις.
2083 2971 2395 3038 Delendus
2445 2979 2539 3036 est
2586 2978 2740 3039 arti-

357 3075 570 3145 culus.
620 3096 895 3159 namque
942 3096 1105 3138 nunc
1152 3079 1437 3159 primum
1475 3077 1551 3141 de
1592 3077 1825 3165 legatis
1871 3079 2150 3142 Athenas
2174 3080 2507 3144 mittendis
2534 3102 2740 3144 sermo

356 3191 485 3250 est:
548 3185 599 3246 οἱ
666 3182 953 3261 πρέσβεις
1022 3182 1255 3248 dicitur
1322 3183 1429 3246 ubi
1478 3183 1553 3248 de
1600 3183 1832 3271 leg-atis
1879 3191 2024 3248 ante
2073 3191 2203 3248 erat
2252 3192 2500 3268 actum,
2552 3193 2626 3250 ut
2671 3188 2738 3249 in

355 3311 484 3377 sqq.
536 3311 571 3376 5
620 3287 679 3352 3.
732 3289 835 3352 καὶ
884 3291 935 3353 οἱ
986 3287 1273 3367 πρέσβεις
1314 3289 1755 3362 άπεςάλησαν.

448 3498 735 3584 Thucyd.
803 3497 913 3562 IV.
987 3498 1086 3565 1¹7.
1141 3497 1203 3562 2.
1253 3497 1393 3567 τοὺς
1439 3498 1502 3562 δὲ
1551 3495 1772 3575 λόγους
1825 3501 2282 3584 [μακροτέρους]
2335 3503 2400 3566 οὐ
2449 3503 2623 3582 παρά
2671 3503 2739 3567 τὸ

355 3605 550 3672 siccabe-
609 3609 988 3680 μηκυνοῦμεν
1051 3605 1201 3667 ἀλλ’
1270 3605 1583 3685 ἐπιχώριον
1634 3605 1692 3669 ὃν
1745 3609 1890 3680 ἡμῖν
1936 3602 2004 3670 οὗ
2049 3607 2160 3681 μὲν
2203 3605 2278 3670 ἂν
2327 3609 2598 3688 βραχεῖς
2641 3612 2744 3690 άρ-

355 3716 501 3773 κῶσι
566 3712 655 3784 μὴ
718 3719 967 3782 πολλοῖς
1031 3713 1337 3791 χρῆσθαι.
1390 3711 1628 3774 πλείοσι
1676 3713 1730 3775 δ’
1778 3713 1837 3775 ἐν
1880 3707 1921 3792 ᾧ
1973 3711 2047 3776 ἂν
2098 3717 2298 3792 καιρὸς
2349 3713 2383 3794 ᾖ
2433 3714 2740 3782 διδάσκον·

354 3817 472 3887 τάς
538 3840 597 3879 τι
662 3817 779 3881 τῶν
848 3816 1146 3894 προῦργου
1221 3817 1481 3902 [λόγοις]
1532 3817 1600 3879 τὸ
1651 3817 1776 3881 δέον
1824 3817 2136 3896 πράσσειν.
2199 3821 2412 3888 Facile
2458 3827 2737 3907 persuasi

350 3923 775 3988 Herwerdeno
844 3923 1249 4000 μακροτέρους
1324 3927 1645 4008 per-inepte
1721 3926 2012 3991 additum
2085 3932 2365 4016 expungi
2436 3937 2740 4012 oportere.

349 4029 595 4094 Passim
656 4029 899 4115 legitur
960 4049 1031 4093 eo
1078 4051 1265 4094 sensu
1312 4035 1421 4095 aut
1468 4031 1756 4105 μηκύνειν
1805 4032 2090 4098 absolute
2137 4040 2250 4098 aut
2296 4037 2584 4108 μηκύνειν
2633 4039 2734 4100 τὸν

349 4134 532 4212 λόγον
580 4151 693 4200 aut
738 4133 877 4204 τοὺς
928 4133 1147 4210 λόγους
1198 4145 1311 4200 aut
1360 4138 1527 4221 apud
1576 4138 1880 4224 Tragicos
1929 4139 2216 4213 μηκύνειν
2268 4141 2510 4216 λόγους.
2599 4143 2730 4208 He-

348 4241 604 4307 rodotus
646 4241 728 4306 II.
791 4241 892 4305 15.
942 4239 1204 4322 ἔρχομαι
1254 4242 1386 4320 περὶ
1442 4245 1767 4320 Αἰγύπτου
1815 4244 2124 4320 μηκυνέων
2169 4247 2273 4310 τὸν
2323 4247 2528 4322 λόγον.
2577 4248 2736 4314 Sub·

352 4346 513 4412 oluit
572 4349 813 4433 aliquid
878 4347 1120 4415 Graeco
1180 4349 1458 4426 homini,
1528 4354 1635 4436 qui
1687 4355 2048 4416 annotavit:
2125 4353 2403 4428 περιττὸν
2451 4353 2520 4418 τὸ
2581 4379 2712 4436 »μοι

356 4454 699 4534 κροτέρους”
776 4455 938 4534 ἤρκει
1012 4455 1135 4534 γὰρ
1201 4457 1389 4520 εἰπεῖν
1459 4458 1639 4536 „vote
1701 4457 1763 4521 δὲ
1825 4457 2044 4534 λόγους
2091 4461 2153 4523 οὐ
2203 4461 2376 4540 παρὰ
2424 4465 2492 4526 τὸ
2544 4461 2737 4534 εἰωθὸς
