3369 5142
31 2756 52 2799 Ὦ.
31 2704 34 2743 -.

815 895 2222 988 ἈΠΟΜΝΗΜΟΝΕΤΜΑΤΑ

642 1157 1212 1252 GUILIELMI
1289 1156 1724 1249 GEORGII
1799 1151 2382 1244 PLUYGERS.

1344 1487 1503 1536 PARS
1548 1487 1748 1535 PRIMA

1779 1769 1944 1818 multis
1977 1770 2062 1818 ille
2093 1770 2222 1818 bonis
2247 1769 2424 1835 flebilis
2457 1770 2644 1820 oceidit.

1776 1852 1941 1914 paucis
1962 1851 2174 1917 ,flebilior
2202 1868 2343 1917 quam
2379 1851 2508 1902 mihi.

1330 2112 1700 2148 *ᾖα-...-

418 2346 760 2433 Optimum
803 2347 1039 2422 virum,
1080 2343 1529 2410 fidelissimum
1568 2345 1874 2422 amicum,
1916 2365 2041 2428 quo
2063 2366 2264 2430 neque
2288 2345 2712 2413 candidiorem

326 2473 531 2538 neque
554 2454 867 2518 saniorem
892 2455 1061 2516 terra
1084 2449 1261 2535 tulit,
1286 2450 1761 2516 Pnumnnsltm
1782 2455 2096 2530 nostrum,
2123 2458 2329 2518 morte
2353 2456 2712 2519 amisimus.

328 2558 586 2625 Praeter
627 2557 753 2623 alia
790 2559 1064 2644 pectoris
1112 2562 1177 2623 et
1224 2558 1469 2645 ingenii
1516 2557 1680 2623 bona
1724 2557 1846 2623 hoc
1891 2557 2166 2624 habebat
2185 2608 2204 2643 ,
2249 2563 2326 2624 ut
2371 2560 2507 2627 veri
2553 2565 2716 2627 esset

328 2666 803 2732 amantissimus
841 2670 906 2731 et
942 2665 1347 2731 mendacium
1384 2686 1587 2748 neque
1628 2664 1864 2731 diceret
1885 2686 2088 2751 neque
2109 2669 2245 2752 pati
2267 2672 2495 2752 posset.
2543 2666 2716 2732 Hinc

327 2774 544 2858 iniquo
605 2774 819 2837 animo
883 2771 1123 2836 ferebat
1184 2770 1581 2836 laudationes
1640 2775 1705 2835 et
1752 2774 2038 2837 encomia
2083 2777 2147 2837 et
2193 2772 2436 2861 elogia,
2485 2775 2716 2859 quibus

328 2879 642 2955 defuncti,
702 2897 975 2961 quorum
1022 2875 1279 2961 quidem
1328 2878 1416 2939 sit
1461 2896 1694 2943 nomen
1740 2876 1996 2962 aliquod
2045 2882 2110 2943 et
2159 2878 2332 2943 fama
2350 2928 2368 2963 ‚
2417 2878 2720 2947 celebrari

326 2984 565 3061 solent,
617 2990 681 3049 et
728 2983 961 3049 litteris
1010 2988 1152 3068 post
1198 3001 1381 3046 suam
1432 2992 1706 3047 mortem
1757 2984 2110 3067 aperiendis
2159 2985 2512 3049 obsecravit
2559 2989 2718 3051 ami-

328 3111 433 3157 cos
479 3111 559 3156 ne
607 3090 761 3174 quid
806 3088 1253 3154 huiuscemodi
1299 3087 1422 3153 sibi
1470 3087 1766 3153 facerent.
1860 3089 2188 3155 Perfuncti
2237 3110 2462 3155 sumus
2502 3111 2722 3158 omnes

325 3196 446 3263 hoc
513 3196 771 3281 pietatis
834 3194 1036 3261 officio
1098 3200 1162 3260 et
1220 3214 1419 3280 quum
1483 3192 1786 3259 mortales
1833 3196 2101 3261 exuviae
2151 3195 2556 3261 dilectissimi
2600 3197 2724 3262 viri

326 3302 529 3366 humo
568 3300 1022 3366 mandarentur
1058 3300 1241 3367 taciti
1281 3302 1448 3365 circa
1486 3300 1849 3385 sepulcrum
1891 3301 2217 3378 stetimus,
2263 3300 2459 3367 etiam
2508 3307 2728 3386 postea

323 3407 486 3474 hanc
532 3408 738 3474 veluti
787 3406 975 3473 fidem
1029 3408 1232 3472 amico
1284 3408 1495 3472 datam
1546 3412 1761 3473 sancte
1811 3410 2145 3473 servaturi.

416 3512 643 3579 Sciunt
711 3533 931 3579 omnes
953 3563 969 3589 ,
1038 3514 1149 3599 qui
1214 3514 1281 3577 in
1326 3512 1694 3601 Pluygersii
1745 3512 2254 3579 familiaritatem
2302 3514 2540 3599 recepti
2587 3516 2723 3583 fue-

327 3624 505 3696 runt,
556 3638 751 3704 quam
800 3622 987 3684 anxia
1032 3640 1185 3685 cura
1229 3619 1549 3685 elaborare
1602 3618 1832 3685 soleret
1878 3620 2189 3705 quidquid
2234 3620 2300 3685 in
2341 3620 2556 3686 lucem
2597 3623 2727 3687 edi-

328 3734 513 3792 turus
578 3731 763 3792 esset.
858 3725 1041 3791 Nihil
1104 3748 1180 3791 ex
1238 3726 1536 3791 manibus
1584 3726 1718 3790 suis
1766 3726 1936 3791 exire
1982 3726 2342 3811 patiebatur
2391 3729 2559 3815 quod
2602 3750 2727 3796 non

330 3837 497 3899 esset
552 3833 849 3898 omnibus
896 3832 1102 3897 modis
1149 3832 1451 3897 limatum
1503 3838 1565 3897 et
1616 3831 1972 3917 expolitum
2018 3853 2372 3919 numquam
2421 3834 2544 3901 sibi
2588 3836 2726 3921 ipse

328 3938 719 4003 satisfaciens
764 3937 997 4003 nedum
1048 3936 1319 4022 placens.
1419 3938 1910 4023 Ingravescente
1959 3944 2165 4005 aetate
2212 3960 2460 4026 semper
2516 3942 2727 4029 magis

328 4048 665 4132 magisque
706 4044 826 4110 hoc
872 4043 1239 4108 institutum
1291 4044 1564 4109 tenebat.
1661 4044 1820 4110 Post
1865 4044 2182 4133 Madvigii
2227 4047 2308 4110 ad
2344 4066 2457 4111 nos
2497 4046 2726 4112 adven-

328 4159 472 4215 tum
532 4150 695 4214 nihil
756 4150 834 4216 ab
902 4170 975 4214 eo
1042 4150 1351 4235 scriptum
1417 4150 1483 4215 in
1539 4150 1750 4217 lucem
1810 4152 2064 4237 prodiit.
2161 4150 2424 4216 Frustra
2473 4172 2728 4237 omnes,

332 4247 566 4342 quibus
612 4255 723 4322 ille
764 4254 1047 4321 multum
1090 4256 1446 4334 tribuebat,
1490 4256 1650 4322 hanc
1691 4256 1898 4322 veluti
1936 4257 2347 4344 pertinaciam
2391 4257 2528 4323 eius
2561 4256 2730 4323 fran-

329 4384 482 4452 gere
529 4370 593 4429 et
642 4383 1005 4451 expugnare
1052 4362 1463 4427 conabantur.
1542 4360 1746 4442 Quam
1791 4384 1973 4448 saepe
2011 4370 2076 4429 et
2115 4383 2235 4450 ego
2278 4367 2342 4428 et
2379 4362 2730 4450 FRUINIUS,

335 4491 493 4557 quos
539 4471 899 4536 carissimos
953 4467 1227 4533 habebat
1275 4472 1340 4532 et
1386 4469 1649 4533 intimos
1701 4468 1974 4547 amicos,
2016 4467 2095 4534 ad
2135 4468 2538 4535 scribendum
2583 4490 2733 4536 enm

2357 4588 2424 4637 aa
