3369 5142
579 328 610 391 1
627 312 708 391 16
1575 336 1995 397 ravennnae.

579 513 1040 601 Spartanorum
1087 515 1364 582 traheret
1382 564 1397 593 ,
1446 539 1652 604 neque
1697 540 1891 604 quam
1939 520 2176 605 exigua
2214 517 2409 582 fuerit
2452 516 2605 582 urbs
2642 513 2973 581 Plataeen-

579 624 774 687 sium.
867 621 1204 687 Exercitus
1253 628 1425 687 totus
1472 626 1542 687 in
1589 644 1827 712 aggere
1875 622 2223 689 extruendo
2270 622 2407 688 dies
2450 627 2792 707 noctesque
2836 642 2975 705 sep·

581 728 878 813 tuaginta
924 728 1060 791 sine
1107 730 1578 793 intermissione
1625 734 1969 814 occupatus
2016 728 2162 792 fuit.
2256 726 2505 793 Deinde
2551 747 2752 813 quum
2808 722 2977 791 nihil

583 829 960 918 proficerent
1021 835 1224 899 maior
1285 853 1431 918 pars
1492 836 1822 921 copiarum
1884 833 2198 899 obsidioni
2259 830 2514 897 inutilis
2563 831 2831 897 domum
2876 850 2976 895 re-

584 940 804 1003 missa.
899 937 1008 1003 Sic
1051 938 1216 1005 nihil
1262 946 1551 1017 remanet
1595 942 1666 1005 in
1710 939 1983 1027 vulgata
2034 938 2305 1005 lectione
2352 936 2769 1003 difficultatis.

676 1044 824 1132 Ipsa
885 1045 1200 1132 particula
1263 1044 1379 1124 μέν
1423 1047 1494 1110 in
1537 1046 1743 1112 verbis
1790 1046 1968 1127 μέρος
2020 1053 2208 1111 ΜΕΝ
2256 1068 2317 1109 τι
2365 1042 2821 1114 καταλιπόντες
2866 1046 2975 1107 τοῦ

588 1150 963 1232 ςρατοπέὸου
1036 1151 1272 1217 clamat
1343 1151 1491 1217 addi
1552 1158 1839 1238 oportere
1893 1153 1963 1218 τὸ
2020 1162 2135 1219 ΔΕ
2200 1149 2386 1216 πλέον
2450 1149 2752 1233 ἀφέντες,
2817 1169 2979 1236 quae

591 1258 784 1325 verba
827 1257 1226 1346 negligentia
1271 1260 1340 1322 in
1385 1257 1568 1325 libris
1621 1256 1995 1325 melioribus
2040 1260 2275 1325 omissa
2320 1264 2489 1323 sunt.

682 1469 976 1557 Thucyd.
1021 1468 1105 1535 H.
1155 1467 1264 1536 80.
1315 1469 1377 1535 2.
1427 1472 1478 1535 οἱ
1526 1469 1590 1534 δὲ
1637 1468 2112 1548 Λακεδαιμόνιοι
2166 1506 2247 1518 -
2299 1471 2382 1549 τῷ
2424 1469 2685 1549 ναυτικῷ
2726 1467 2978 1549 περιήγ-

591 1592 815 1656 γειλαν
865 1574 1549 1656 παρασκευασαμένΩΙ
1599 1579 1676 1648 ὦς
1724 1577 1971 1656 τάχιςα
2020 1586 2203 1642 πλεῖν
2251 1577 2311 1650 ἐς
2350 1576 2669 1643 Λευκάδα.
2720 1574 2980 1640 Ridicu-

595 1683 738 1750 lum
783 1688 880 1750 est
922 1684 991 1749 τὸ
1042 1682 1318 1749 ναυτικὸν
1367 1682 2005 1764 παρασκευασάμενον
2051 1692 2252 1749 πλεῖν.
2344 1682 2419 1748 In
2463 1681 2703 1748 talibus
2751 1684 2785 1757 ἦ
2834 1681 2977 1761 πρὸς

596 1790 666 1855 τὸ
716 1789 1158 1870 σημαινόμενον
1207 1788 1498 1867 σύνταξις
1545 1795 1640 1855 est
1680 1792 2031 1856 necessaria
2077 1794 2143 1855 et
2187 1789 2528 1855 dicendum
2573 1791 2658 1869 τῷ
2718 1787 2977 1867 ναυτικῷ

596 1894 1313 1975 παρασκευασαμένΟΙΟ
1379 1903 1579 1961 πλεῖν.
1673 1894 2129 1981 Exemplorum
2192 1894 2299 1961 vel
2344 1894 2513 1979 apud
2560 1915 2763 1961 unum
2810 1893 2982 1959 Thu-

601 2004 900 2090 cydidem
978 2022 1216 2090 magna
1281 2004 1462 2088 eopia
1532 2008 1644 2068 est.
1742 2001 2063 2067 Mirantur
2127 2001 2282 2067 haee
2352 1998 2655 2067 Graeculi
2725 2004 2791 2065 et
2858 2020 2981 2065 non

597 2110 918 2176 abstinent
976 2129 1224 2174 manus.
1315 2106 1616 2174 Vidimus
1675 2128 1867 2193 supra
1912 2128 2106 2175 naves
2152 2106 2411 2173 bellicas
2458 2108 2526 2171 iu
2570 2107 2751 2173 litore
2794 2107 2985 2171 cibum

596 2221 907 2300 capientes.

689 2320 1061 2407 Comparari
1117 2328 1384 2408 possunt
1443 2320 1562 2387 VI.
1633 2320 1781 2387 104.
1838 2322 1906 2385 αι’
1956 2327 2089 2395 νῆες
2138 2322 2273 2401 περὶ
2323 2321 2619 2388 Λευκάδα
2670 2320 2781 2396 ἤδη
2832 2316 2986 2395 ἦσαν

599 2426 1002 2507 βουλόμενΟΙ
1053 2429 1115 2499 ἐς
1160 2430 1271 2503 τὴν
1315 2427 1611 2493 Σικελίαν
1662 2466 1745 2476 -
1793 2428 2116 2506 βοηθῆσαι.
2162 2427 2278 2493 ΙΠ.
2329 2427 2393 2493 4.
2444 2427 2502 2492 4.
2555 2426 2625 2493 τὸ
2671 2426 2981 2503 ναυτικὸν,

597 2526 652 2600 οἳ
715 2529 962 2615 ὥρμουν.
1024 2533 1129 2600 IV.
1201 2533 1308 2604 5¹7.
1369 2536 1604 2619 φρουρά
1662 2534 1788 2613 μία
1836 2573 1918 2586 -
1968 2533 2344 2613 ξυνεσελόεῒν
2394 2536 2454 2608 ἐς
2501 2535 2573 2602 τὸ
2619 2540 2830 2615 τεῖχος
2878 2535 2985 2600 οὐκ

595 2641 898 2719 ἠθέλησαν
949 2679 1032 2692 -
1080 2643 1230 2708 ἄλλ’
1297 2642 1510 2715 αὐτοῖς
1582 2641 1844 2716 κίνδυνος
1915 2641 2206 2725 ἐφαίνετο
2274 2642 2333 2714 ἐς
2396 2643 2467 2708 τὸ
2522 2649 2735 2723 τεῖχος
2785 2663 2987 2706 κατα-

596 2752 914 2833 κλῇεσθαι.
962 2747 1074 2814 IV.
1125 2747 1234 2813 84.
1285 2747 1526 2813 πεισθὲν
1573 2747 1644 2812 τὸ
1693 2748 1918 2824 πλῆθος
1960 2746 2447 2820 -άκούσαντες
2496 2745 2980 2826 βουλεύσασθαι.

602 2861 668 2923 et
711 2858 802 2923 sio
847 2857 1098 2942 saepius
1143 2854 1319 2920 alibi.
1922 2849 1931 2856 ’

691 3067 984 3156 Thucyd.
1032 3067 1110 3133 IL
1164 3065 1272 3133 81.
1326 3068 1390 3133 4.
1439 3067 1492 3132 οἱ
1538 3067 1653 3146 μὲν
1692 3065 1997 3142 Ἕλληνες
2044 3067 2420 3147 τεταγμένοι
2470 3076 2811 3149 προεῇσαν,
2851 3068 2985 3132 imo

601 3195 752 3244 vero
798 3184 1100 3258 προῇσαν
1145 3181 1446 3240 amantea
1497 3175 1741 3240 ordines
1764 3175 2323 3259 proqrediebantur.
2370 3173 2759 3240 Fefellerunt
2792 3172 2985 3238 libra-

601 3284 730 3349 rios
775 3283 1024 3348 vicina:
1074 3279 1325 3359 γνόντες
1374 3279 1765 3361 προσιόντας,
1815 3285 1910 3345 et:
1964 3281 2070 3345 οὐκ
2118 3277 2194 3344 ἂν
2242 3279 2331 3344 ἔτι
2382 3281 2561 3360 σφίσι
2611 3281 2983 3359 προσελθεῖν,

599 3410 752 3456 nam
799 3388 954 3475 quid
1001 3390 1334 3454 interesset
1386 3389 1555 3453 inter
1591 3387 1860 3467 προϊέναι
1898 3393 1962 3452 et
2000 3385 2303 3467 προσιέναι
2344 3405 2469 3452 non
2515 3385 2985 3474 intelligebant.

692 3494 1010 3560 Similiter
1053 3495 1123 3558 in
1163 3495 1390 3579 capitis
1429 3493 1618 3559 initio
1655 3491 2096 3558 scribendum:
2139 3489 2325 3570 μέσον
2364 3489 2612 3574 ἔχοντες
2654 3501 2983 3575 ΠΡΟῇσαν

603 3599 829 3674 Χάονες
876 3619 990 3686 pro
1036 3608 1366 3680 προσῇσαν.

692 3811 987 3900 Thucyd.
1046 3811 1137 3877 II.
1205 3810 1314 3876 81.
1379 3809 1441 3876 4.
1526 3808 1873 3888 άξιούμενοι
1938 3810 2055 3876 ὑπὸ
2118 3815 2235 3876 τῶν
2299 3809 2577 3878 ὲκείΝΗΙ
2650 3815 2988 3896 ἠπειρωτῶν

604 3919 1055 4000 μαχιμώτατοι
1106 3913 1277 3982 εἶναι.
1329 3916 1751 3984 Herwerden:
1802 3917 2038 3999 »ἐκείνῃ
2079 3941 2189 4001 pro
2240 3918 2370 3983 ἐκεῖ
2410 3920 2719 4006 quinquies
2756 3929 2989 3986 tantum

603 4026 672 4091 in
742 4026 915 4090 libris
989 4025 1348 4109 Thucydidis
1416 4021 1734 4089 occurrit.’'
1802 4023 2153 4090 Credebam
2214 4046 2317 4091 me
2377 4027 2445 4091 id
2506 4028 2757 4112 saepius
2820 4027 2989 4113 apud

607 4131 1048 4218 Thucydidem
1093 4128 1324 4218 legisse
1343 4178 1361 4213 ‚
1411 4129 1519 4196 sed
1566 4129 1877 4215 quidquid
1924 4133 2061 4196 eius
2096 4133 2190 4195 rei
2230 4136 2328 4196 est
2365 4152 2479 4217 pro
2519 4133 2713 4218 ἐκείνῃ
2751 4134 2989 4220 ubique

607 4239 739 4304 ἐκεῖ
777 4235 1230 4322 reponendum.
1323 4233 1655 4320 Sequiores
1704 4235 1999 4302 dicebant
2041 4237 2233 4320 ἐκείνῃ
2280 4243 2357 4302 ut
2398 4238 2625 4320 ταύτῃ.

698 4447 1022 4546 Thucyd„
1040 4447 1142 4536 {1:1.
1194 4445 1320 4538 ⁵84.
1351 4445 1451 4536 23.
1523 4453 1863 4535 postquam
1933 4447 2181 4518 dixerat
2236 4447 2663 4518 Athenienses
2725 4451 2995 4522 victores
