3369 5142
590 287 723 356 358
1606 305 1956 355 conamus

680 483 858 548 Dum
917 478 1229 566 agebatur
1286 477 1364 542 de
1410 497 1565 562 paee
1610 476 1947 544 Hamilcar
1991 498 2142 545 eum
2189 479 2324 542 suis
2369 479 2643 566 Erycem
2693 477 2976 546 tenebat.

679 692 953 757 Hamile.
1002 689 1121 754 III.
1174 690 1249 752 2:
1320 702 1457 754 erat
1514 703 1846 777 praeterea
1913 715 2051 755 cum
2125 713 2192 756 eo
2261 691 2598 756 adolescens
2675 691 2939 756 illustris
2957 739 2975 768 ,

580 802 905 886 formosus
922 843 938 874 ‚
998 796 1369 861 Hasdrubal
1394 843 1410 872 ,
1464 819 1644 882 quem
1706 797 1990 861 nonnulli
2046 797 2228 882 ditiyi
2289 811 2560 862 TURPIUS
2619 817 2807 884 quam
2843 823 2979 885 par

592 920 727 972 erat
772 905 849 968 ab
895 902 1259 968 Hamilcare
1304 903 1727 987 loquebantur.

680 1011 909 1076 Risum
972 1013 1191 1075 movet
1255 1011 1502 1094 turpius
1563 1031 1754 1093 quam
1807 1033 1940 1095 par
1983 1021 2137 1074 erat.
2229 1007 2552 1096 Pluygers
2597 1011 2978 1074 restituebat

587 1132 749 1184 Pnus
798 1141 987 1203 quam
1024 1139 1155 1202 par
1196 1127 1365 1191 erat,
1414 1120 1489 1177 ut
1524 1118 1691 1178 esset
1729 1117 2042 1179 sententia
2079 1134 2247 1178 sana.
2299 1114 2612 1199 Equidem
2650 1133 2688 1179 a
2726 1115 2973 1200 Nepote

588 1226 899 1308 seriptum
949 1241 1082 1285 esse
1130 1221 1402 1284 arbitror
1447 1235 1758 1284 'unumne
1807 1244 1996 1306 quam
2035 1245 2166 1307 par
2209 1233 2362 1286 erat.

679 1329 858 1393 Haeo
904 1328 1117 1391 omnia
1161 1324 1456 1402 εὐφήμως
1504 1325 1839 1401 dicuntur,
1888 1331 1963 1391 ut
2007 1329 2223 1394 virum
2271 1347 2537 1413 gravem
2589 1327 2768 1392 decet
2793 1375 2809 1404 ,
2861 1328 2971 1392 sed

589 1437 923 1522 perspicua
967 1439 1117 1497 sunt
1162 1431 1241 1496 ad
1289 1430 1808 1517 intelligendum.

682 1646 961 1712 Hannib.
1024 1643 1073 1708 Ι.
1131 1643 1199 1707 1:
1264 1645 1323 1707 si
1380 1665 1590 1707 verum
1646 1657 1736 1708 est
1797 1647 1965 1730 quod
2019 1667 2194 1708 nemo
2255 1646 2500 1710 dubitat
2561 1663 2646 1709 U'r
2697 1645 2972 1732 populus

593 1757 919 1820 Romanus
965 1773 1158 1816 omnes
1200 1762 1404 1834 qentes
1449 1752 1675 1814 virtute
1721 1769 2069 1837 super-arrr-

680 1858 1039 1942 Adscripsit
1093 1855 1397 1942 vulgatae
1459 1855 1883 1920 defendendae
1931 1876 2120 1921 eausa
2165 1855 2296 1921 Cio.
2348 1856 2522 1920 Lael.
2571 1856 2675 1921 IV.
2733 1857 2853 1921 14:
2903 1860 2974 1920 id

590 1971 647 2032 ei
690 1969 783 2032 ita
827 1977 915 2029 est
961 1975 1031 2028 ut
1078 1964 1303 2050 optimi
1345 1963 1631 2046 cuiusque
1674 1965 1921 2025 animus
1966 1964 2032 2026 in
2077 1976 2275 2028 morte
2312 1963 2607 2043 facillime
2640 1965 2826 2028 evolet
2853 2001 2931 2012 ——·
2954 2011 2972 2040 ,

592 2077 689 2138 sin
752 2084 958 2136 autem
1020 2069 1131 2133 illa
1177 2070 1419 2132 veriora
1464 2080 1536 2131 ut
1584 2070 1746 2132 idem
1791 2071 2076 2132 interitus
2123 2071 2206 2133 sit
2251 2071 2604 2134 animorum
2649 2083 2706 2134 et
2751 2093 2972 2156 corpo-

588 2202 752 2243 rum.
803 2183 867 2242 et
913 2179 985 2240 de
1034 2174 1323 2239 Divinat.
1372 2173 1461 2237 11.
1510 2173 1548 2257 ᾖ
1590 2172 1712 2238 66:
1753 2177 1827 2238 de
1868 2176 2004 2262 ipso
2039 2175 2261 2240 Roscio
2295 2187 2498 2264 potest
2532 2176 2691 2240 illud
2725 2179 2972 2262 quidem

586 2306 710 2349 esse
757 2283 1007 2369 falsum
1051 2293 1123 2344 ut
1167 2281 1623 2365 circumliqatus
1658 2283 1868 2365 suerit
1913 2283 2106 2365 anqui
2123 2327 2139 2358 ,
2188 2285 2294 2346 sed
2338 2294 2408 2345 ut
2449 2284 2515 2345 in
2559 2285 2730 2346 cunis
2763 2284 2970 2368 fuerit

588 2391 809 2473 anquis
853 2411 976 2451 non
1024 2400 1156 2450 tam
1200 2399 1289 2450 est
1334 2387 1587 2449 mirum.
1681 2385 1805 2450 Sed
1848 2391 2068 2470 postea
2112 2389 2309 2452 sensit
2353 2407 2475 2452 non
2523 2389 2786 2454 eandem
2834 2408 2970 2452 esse

585 2495 849 2560 illorum
893 2493 1181 2558 locorum
1228 2497 1294 2557 et
1335 2492 1529 2556 huius
1574 2492 1886 2557 rationem
1935 2495 2358 2580 coniecitque:
2407 2498 2464 2560 si
2509 2517 2718 2560 verum
2753 2507 2842 2559 eet
2881 2529 2963 2540 —

586 2602 660 2667 P.
708 2602 783 2666 R.
837 2599 1170 2686 (populum
1219 2599 1608 2681 Romanum)
1658 2622 1863 2664 omnes
1895 2614 2099 2685 qentes
2137 2604 2360 2666 virtute
2382 2621 2719 2690 superare,
2747 2623 2966 2687 quem-

588 2708 935 2774 admodum
983 2726 1201 2771 omnes
1247 2710 1607 2770 constanter
1651 2703 1829 2788 loqui
1875 2703 2095 2770 solent.

678 2918 957 2983 Hannib.
1006 2916 1085 2981 II.
1138 2918 1215 2980 2:
1269 2952 1348 2965 —
1398 2929 1469 2980 ut
1527 2916 1946 2980 Hannibalem
2014 2920 2081 2980 in
2141 2919 2542 3004 suspicionem
2589 2921 2721 3004 reqi
2762 2922 2964 2984 addu-

590 3038 785 3091 cerent
834 3037 1158 3110 tamquam
1204 3024 1279 3086 ab
1325 3022 1481 3109 ipsis
1530 3034 1880 3110 eorruptlm
1925 3024 2051 3087 alia
2098 3037 2281 3109 atque
2325 3037 2507 3087 antea
2553 3026 2804 3089 sentio-13.

680 3129 1004 3196 Correxit:
1054 3140 1391 3215 corruptus
1442 3166 1524 3177 --
1574 3130 1859 3193 sentio-3¹1¹.

674 3342 839 3408 Ibid.
902 3340 1017 3406 III.
1065 3338 1138 3405 2:
1189 3339 1514 3405 Hannibal
1561 3341 1768 3405 minor
1813 3342 2078 3426 quinque
2123 3353 2181 3405 et
2229 3342 2447 3424 vi9inti
2491 3344 2670 3405 annis
2717 3340 2964 3423 [natus]

583 3484 674 3497 —
723 3470 928 3512 omnes
969 3459 1173 3531 qentes
1219 3445 1569 3533 Hispaniae
1614 3446 1766 3510 bello
1810 3446 2059 3530 suheqit.

674 3552 932 3618 Delevit
972 3565 1157 3616 natus
1198 3556 1453 3624 ortum,
1504 3557 1580 3615 ut
1627 3551 1922 3635 equidem
1972 3551 2283 3635 suspicor,
2333 3572 2412 3616 ex
2449 3551 2720 3617 scholio:
2761 3554 2968 3616 minus

588 3682 781 3746 quam
843 3660 1107 3744 quinque
1164 3669 1223 3720 et
1284 3657 1507 3741 viqinti
1562 3680 1757 3721 annos
1812 3669 2012 3719 natue.
2065 3654 2172 3739 Sp.
2223 3655 2600 3744 Ligustinus
2647 3656 2814 3742 apud
2860 3657 2968 3721 Li-

585 3767 769 3831 vium
814 3761 1020 3827 XLII.
1073 3762 1195 3825 34:
1246 3764 1465 3847 viyinti
1510 3764 1633 3827 duo
1684 3764 1992 3847 stipendia
2039 3785 2251 3825 annua
2299 3766 2364 3827 in
2407 3766 2672 3827 exercitu
2715 3765 2968 3827 emerita

586 3872 771 3936 habeo
815 3882 875 3934 et
918 3870 1123 3933 maior
1174 3870 1357 3931 annis
1402 3890 1543 3930 suan
1588 3870 2059 3953 quinquaqinta.

677 4080 958 4145 Hannib.
1025 4075 1132 4143 VI.
1181 4077 1259 4141 2:
1306 4100 1443 4141 cum
1492 4077 1598 4141 hoc
1648 4114 1730 4123 -—
1779 4079 2008 4164 cupivit
2055 4114 2144 4125 ·-—
2191 4078 2411 4143 bellum
2455 4100 2827 4165 componere.
2879 4116 2961 4125 —

598 4187 722 4276 [in]
773 4186 1141 4271 colloquium
1187 4186 1458 4247 convenit
1476 4230 1491 4259 ‚
1544 4185 1917 4247 conditiones
1962 4206 2086 4247 non
2117 4198 2549 4249 convenerunt.

678 4293 994 4359 Restituit
1036 4289 1249 4355 locum
1296 4291 1361 4352 in
1408 4291 1735 4375 integrum
1784 4287 2116 4355 eliminata
2161 4293 2632 4375 praepositione.
