3369 5142
626 278 755 347 284
1640 298 1980 348 mrlrnon.

620 471 882 535 husium
942 468 1048 553 (ad
1092 468 1362 535 Luciani
1400 468 1563 532 Diae.
1614 474 1792 535 Mor-t.
1845 492 1992 559 pag.
2041 472 2230 560 429),
2283 476 2408 541 sed.
2437 474 2603 539 nihil
2645 474 2795 539 hinc
2844 494 2985 559 pro-

620 576 904 643 ficimus:
988 574 1513 640 Hemsterhusius
1593 579 1766 641 enim
1839 578 2179 646 imbiberat
2249 602 2520 646 errorem
2587 581 2757 645 hunc
2826 580 2984 645 bene

622 681 860 750 Graece
921 682 1047 746 dici
1108 702 1221 767 pro
1262 681 1482 765 fuste,
1528 687 1698 763 via-qa
1716 732 1732 765 ,
1775 692 2080 765 percutere
2124 688 2378 772 aliquem
2425 688 2773 752 καθικέσθαι
2823 688 2979 758 τινὸς

620 796 754 855 ἘΝ
803 788 1153 869 βακτηρίᾳ,
1203 788 1337 851 ’eN
1386 786 1591 867 ῥάβδῳ
1612 837 1628 870 ,
1678 794 1743 851 et
1783 808 1858 853 ex
1897 790 2215 877 decrepita
2257 790 2523 859 Graecia
2545 793 2982 877 putidissimos

618 902 813 962 testes
879 894 1329 960 Manethonem
1352 941 1367 972 ,
1439 893 1751 973 Quintum
1811 894 2156 962 Calabrum
2218 905 2282 964 et
2341 899 2585 964 similes
2643 899 2981 985 produxit,

617 1003 996 1087 quibuscum
1044 1002 1364 1084 componit
1414 1000 1868 1085 Antiphontem
1890 1052 1908 1085 ‚
1949 1006 2059 1088 qui
2101 1004 2331 1069 dixerit
2369 1007 2502 1071 'GN
2543 1007 2783 1085 ἀφανεῖ
2816 1005 2980 1083 λόγῳ

613 1131 725 1196 pro
794 1111 1037 1187 ἀφανεῖ
1096 1106 1283 1185 λόγῳ.
1378 1104 1533 1185 Quis
1598 1106 1756 1171 haec
1823 1108 2008 1175 hodie
2077 1108 2408 1195 probabit?
2467 1112 2672 1176 Nemo
2733 1110 2978 1176 hercle:

612 1219 825 1306 itaque
872 1214 995 1279 alio
1044 1212 1229 1277 modo
1274 1210 1586 1277 laboranti
1630 1211 2015 1299 Antiphonti
2061 1216 2528 1301 opitulandum.
2579 1217 2652 1281 In
2697 1224 2980 1301 tempore

612 1322 925 1387 succurrit
970 1318 1383 1403 Antiphontis
1428 1318 1781 1403 discipulus
1825 1318 2234 1407 Thucydides
2280 1322 2387 1387 VI.
2442 1324 2559 1387 54:
2614 1324 2818 1402 βίαιον
2868 1324 2980 1399 μὲν

610 1429 771 1493 οὐδὲν
844 1426 1137 1503 ἐβούλετο
1207 1423 1388 1502 δράν,
1462 1425 1519 1487 ἐν
1583 1426 1821 1504 ΤΡόπῳ
1883 1426 1948 1491 δέ
2014 1451 2128 1493 τινι
2187 1434 2429 1511 ἀφανεῖ
2482 1429 2976 1510 παρεσκευάζετο

610 1539 1039 1612 προπηλακιῶν
1102 1530 1316 1607 αὐτόν,
1374 1550 1525 1595 nam
1576 1534 1665 1596 sic
1711 1531 2054 1620 legendum
2104 1556 2215 1621 pro
2259 1544 2476 1616 ΤΟπῳ
2524 1542 2598 1601 ut
2644 1536 2692 1601 Ι.
2745 1535 2870 1603 97:
2921 1538 2978 1599 ἐν

610 1638 703 1720 οἵῳ
778 1638 975 1719 τρόπῳ
1046 1636 1298 1707 κατέςη.
1364 1642 1429 1700 et
1491 1637 1658 1722 apud
1722 1637 1986 1724 Lysiam
2049 1662 2197 1728 pag.
2252 1640 2397 1706 110.
2453 1641 2567 1706 10:
2621 1644 2674 1707 εἰ
2722 1642 2836 1719 μέν
2885 1666 2974 1707 σοι

610 1748 817 1826 ἐχθρὸς
881 1742 986 1821 ἦν,
1055 1746 1113 1808 ἐν
1167 1742 1360 1821 τούτῳ
1407 1744 1488 1821 τῷ
1537 1743 1734 1823 τρόπῳ
1783 1741 1932 1817 ἦσθα
1984 1744 2059 1809 ἀν
2106 1772 2188 1823 με
2237 1748 2742 1828 τετιμωρημένος.
2836 1748 2975 1813 Hoc

607 1858 821 1940 ipsum
876 1850 1201 1935 Antiphon
1262 1849 1518 1915 dederat
1575 1856 1638 1915 et
1686 1854 1774 1915 sic
1820 1854 2170 1917 rectissime
2214 1858 2380 1919 inter
2425 1876 2492 1920 se
2539 1862 2971 1942 opponuntur:

609 1963 729 2039 ἐγὼ
777 1959 891 2037 μέν
938 1980 1042 2021 σου
1089 1957 1366 2035 φανερὰν
1412 1958 1521 2030 τὴν
1567 1956 1844 2034 πρόνοιαν
1890 1960 1974 2030 εἷς
2025 1960 2136 2035 ἐμὲ
2182 1960 2614 2042 ἀποδείκνυμι,
2666 1966 2740 2027 σὺ
2787 1962 2852 2026 δέ
2891 1988 2974 2038 με

608 2070 667 2130 ἕν
739 2068 979 2145 ἀφανεῖ
1044 2064 1281 2143 ΤΡόπῳ
1351 2062 1551 2143 ζητεῖς
1624 2060 1967 2148 ἀπολέσαι,
2035 2066 2258 2129 occulta
2311 2068 2546 2131 ratione
2604 2091 2691 2132 me
2724 2069 2976 2151 perdere

604 2174 839 2236 conaris
861 2222 877 2249 ,
927 2172 1170 2254 inquit,
1217 2170 1367 2254 quia
1414 2166 1589 2232 aliud
1634 2170 1977 2255 agebatur,
2027 2169 2203 2235 aliud
2247 2172 2691 2238 simulabatur.

691 2385 851 2472 Pag.
919 2379 1069 2448 136.
1134 2400 1270 2464 cap.
1336 2378 1452 2443 60:
1521 2385 1730 2445 ταῦτα
1779 2382 1891 2457 μὲν
1941 2381 2082 2458 ὑμῖν
2131 2381 2297 2459 λέγω
2346 2383 2420 2452 ὥς
2467 2385 2636 2462 αὐτῷ
2683 2408 2783 2459 μοι
2833 2384 2972 2465 πρό·

604 2501 799 2574 φασιν
862 2490 1149 2567 οὐδεμίαν
1218 2486 1351 2567 ἔχει
1416 2490 1778 2553 ἀποκτεῖναι
1827 2488 1930 2551 τὸν
1979 2486 2188 2568 ἀνδρα.
2283 2486 2594 2575 Corrupta
2639 2491 2794 2555 haec
2841 2512 2972 2556 esee

603 2601 1032 2684 unusquisque
1077 2596 1271 2661 videt.
1366 2593 1587 2680 Itaque
1632 2594 1858 2660 Editor
1903 2594 2268 2660 dubitanter
2303 2599 2570 2662 coniecit
2618 2599 2970 2678 υ’.τρόεβιιισ-ις·

600 2705 858 2781 οὐδεμίαι
907 2704 1177 2784 ὑπῆρχεν
1194 2698 1265 2765 ‘I”
1314 2701 1435 2766 Sed
1473 2699 1924 2767 Graeculorum
1967 2707 2062 2767 est
2103 2704 2373 2782 ὑπῆρχεν
2414 2724 2525 2788 pro
2564 2699 2629 2775 ἦν
2669 2709 2970 2788 positum.

598 2813 887 2877 Fortasse
937 2810 1183 2875 dixerat
1231 2807 1565 2888 πρόφασΙΟ
1599 2801 1754 2870 ἯΝ
1804 2808 2094 2883 οὐδεμιΆ.
2155 2813 2220 2872 et
2265 2809 2378 2873 ubi
2425 2807 2735 2889 πρόφασις
2787 2809 2856 2887 ἦν
2901 2815 2971 2876 in

601 2919 947 2998 πρόφασΙΝ
974 2919 1342 2999 corruptum
1367 2918 1481 2992 est,
1510 2913 1827 2991 οὖδεμίαΝ
1855 2914 2029 2978 dedit
2052 2917 2262 2980 nescio
2287 2919 2427 3001 quis
2453 2924 2517 2981 et
2541 2913 2674 2997 ἔχει
2701 2918 2967 2984 addidit.

690 3129 849 3217 Pag.
918 3122 1067 3189 136.
1130 3145 1268 3209 cap.
1316 3123 1437 3188 61:
1500 3124 1627 3202 ἐξὸν
1672 3125 1799 3203 γὰρ
1844 3126 2013 3203 αὐτῷ
2063 3127 2122 3189 ἔν
2170 3127 2360 3203 ἀγῶνι
2410 3127 2514 3192 καὶ
2565 3127 2811 3208 κινδύνῳ
2857 3154 2970 3206 με·

599 3236 780 3314 γάλῳ
828 3234 1285 3307 καταςήσανΤΙ
1332 3269 1415 3279 -
1455 3231 1764 3295 ἀπολέσαι
1815 3232 2055 3297 ἐκεῖνον.
2104 3231 2231 3296 Ubi
2277 3234 2594 3318 praecedit
2641 3233 2806 3312 ἔξεςί
2839 3261 2964 3312 μοι,

600 3341 795 3417 ἔδοξεν
843 3340 1052 3410 αὐτοῖς
1104 3342 1169 3402 et
1214 3339 1357 3401 sim.
1404 3335 1722 3401 infinitivo
1768 3341 2056 3420 sequenti
2103 3338 2420 3403 adduntur
2467 3343 2801 3426 participia
2856 3347 2970 3406 aut

598 3451 665 3512 in
711 3448 909 3510 dativo
957 3449 1069 3509 aut
1114 3446 1182 3507 in
1227 3443 1557 3507 aomativo
1577 3491 1593 3518 ‚
1644 3441 1754 3507 sed
1798 3441 1988 3530 longe
2035 3443 2426 3528 frequentius
2471 3449 2539 3509 in
2587 3449 2967 3513 accusativo·

596 3552 855 3618 Poterat
899 3552 1105 3637 igitur
1151 3548 1476 3633 Antiphon
1524 3554 1636 3612 aut
1674 3551 2107 3622 καταςήσαντι
2149 3557 2260 3614 aut
2283 3554 2737 3626 καταςήσαντα
2765 3555 3004 3623 dicere.

596 3680 710 3724 suo
772 3657 1081 3722 arbitratu
1145 3664 1207 3718 et
1263 3661 1518 3739 propter
1564 3655 2000 3719 antecedentes
2048 3655 2296 3720 dativos
2343 3659 2403 3720 ἕν
2451 3662 2642 3736 ἀγῶνι
2689 3662 2794 3724 καὶ
2842 3686 2968 3726 κιν-
2999 3671 3014 3682 ”

599 3764 747 3843 δύνῳ
793 3759 1061 3839 μεγάλῳ
1110 3762 1393 3842 suspicor
1438 3773 1585 3825 eum
1636 3760 2106 3834 καταςήσαντΑ
2155 3761 2360 3827 dicere
2408 3763 2726 3831 maluisse.

686 3867 1297 3952 Frequentissimum
1358 3866 1427 3928 in
1486 3867 1702 3930 Attica
1745 3867 2009 3931 verbum
2057 3872 2153 3932 est
2200 3868 2559 3948 καθιςάναι,
2607 3872 2970 3947 ‚caracam

598 4000 735 4041 τινα
784 3970 867 4044 εἷς
916 3995 1013 4049 τι,
1064 3969 1271 4036 veluti
1318 3971 1641 4039 καθιςάναι
1691 3974 1774 4042 εἷς
1825 3972 2115 4050 κίνδυνον,
2169 3976 2254 4047 εἰς
2306 3975 2531 4054 κρίσιν,
2581 3980 2664 4048 εἰς
2713 3979 2966 4056 ἀγῶνα,

597 4083 681 4154 εἰς
728 4079 968 4161 φόβον,
1020 4079 1104 4149 εἷς
1156 4078 1425 4155 ὑποψίαν
1472 4085 1537 4143 et
1582 4078 1710 4143 alia
1747 4085 2058 4144 sexcenta.
2107 4079 2434 4166 Imprimis
2474 4084 2688 4148 crebro
2725 4083 2968 4171 legitur

600 4189 683 4260 εἷς
725 4186 985 4251 κίνδυνον
1034 4189 1389 4255 καταςῆσαι
1436 4204 1550 4269 pro
1596 4185 1663 4248 in
1709 4185 1997 4248 iudicium
2034 4187 2108 4250 de
2143 4189 2334 4271 capite
2370 4188 2622 4272 aliquem
2655 4191 2964 4268 adducere,

598 4293 767 4380 quod
812 4312 1011 4377 quum
1057 4289 1403 4355 sexcenties
1449 4311 1597 4355 cum
1648 4294 2011 4357 accusativo
2059 4299 2473 4378 componatur
2520 4295 2604 4366 εἰς
2668 4295 2962 4377 κίνδυνον,

600 4407 811 4466 tamen
876 4417 1000 4462 non
1045 4396 1271 4461 desunt
1314 4394 1442 4461 loci
1486 4397 1599 4462 ubi
1646 4399 1781 4462 sine
1825 4396 1961 4464 ulla
2005 4402 2357 4485 suspicione
2404 4404 2767 4477 καταςῆσαί
2826 4428 2966 4469 τινα
