3369 5142
582 288 713 359 124
1520 310 1943 363 morumne.

673 484 1031 554 Graeculus
1089 504 1215 551 non
1277 490 1557 552 senserat
1621 487 1688 552 id
1750 490 1965 572 ipsum
2025 486 2093 550 in
2152 488 2204 551 οἱ
2257 485 2563 561 Ἀθηναῖοι
2612 490 2815 553 inesse
2836 536 2855 570 ,
2902 490 2970 559 et

580 594 784 657 risum
831 596 1050 657 movet
1095 592 1163 657 id
1211 592 1378 677 quod
1417 592 1769 658 Scholiasta
1802 592 1964 658 serio
2002 597 2361 657 annotavit:
2406 593 2510 658 καὶ
2538 594 2587 657 οἱ
2620 592 2963 665 Ἀθηναῖοιτ

581 701 956 771 ἀντίπτωσις
1004 699 1140 763 ἀντὶ
1189 704 1294 763 τοῦ
1343 704 1486 762 τῶν
1533 699 1989 771 Ἀθηναίων.
2039 700 2354 775 Ὅμηρος·

945 806 998 869 οἱ
1046 805 1110 869 δὲ
1157 804 1258 869 δύο
1307 802 1592 869 σκόπελοι
1641 805 1668 867 ό
1718 804 1831 881 μὲν
1878 804 2118 884 οὐρανὸν
2166 804 2335 885 εὐρὺν
2382 804 2605 871 ἵκανεν.

583 914 762 997 quasi
809 912 964 977 haec
1009 910 1214 977 ullam
1261 909 1757 975 similitudinem
1803 912 1971 976 inter
2017 932 2084 977 ss
2120 912 2451 977 haberent.

674 1124 824 1190 Sine
887 1124 1312 1189 controversia
1371 1122 1676 1188 mendosa
1736 1125 1938 1188 oratio
2000 1128 2096 1189 est
2144 1122 2311 1209 apud
2358 1122 2803 1210 Thucydidem
2848 1124 2961 1190 111.

584 1228 648 1293 4.
699 1228 759 1293 4.
811 1230 1239 1315 Mytilenense-³
1299 1229 1516 1311 leqacos
1579 1230 1842 1293 Athenas
1902 1229 2187 1293 miserunt
2251 1228 2435 1302 εἴπως
2500 1230 2778 1296 πείσειαν
2844 1234 2961 1305 τὰς

583 1340 730 1408 ναῦς
777 1337 1094 1401 ἀπελθεῖν.
1144 1334 1212 1399 Si
1251 1354 1364 1419 pro
1404 1335 1697 1399 ἀπελθεῖν
1734 1334 2054 1421 legeretur
2088 1333 2366 1413 ἀπάγειν
2400 1335 2503 1402 vel
2543 1336 2962 1417 ἀποπέμπειν,

581 1442 760 1507 locus
825 1440 1114 1527 intelligi
1156 1444 1439 1526 poterat:
1488 1462 1658 1506 nunc
1706 1439 1977 1506 absurda
2022 1446 2118 1507 est
2164 1444 2479 1507 sententia
2524 1463 2639 1509 nec
2684 1444 2965 1529 simplici

583 1549 970 1614 correctione
1015 1548 1271 1611 restitui
1315 1566 1497 1631 posse
1543 1546 1820 1611 videtur.

676 1758 967 1847 Thucyd.
1031 1756 1146 1823 III.
1213 1758 1272 1823 5.
1344 1758 1403 1822 2.
1469 1758 1576 1822 οὐκ
1635 1754 1899 1822 ἔλασσον
1950 1756 2257 1839 ’Ἐχοντες
2320 1758 2371 1823 οἱ
2420 1766 2826 1832 Μυτιληναῖοι
2874 1798 2961 1811 -—

583 1865 1002 1946 ἀνεχώρησαν.
1100 1860 1289 1929 Certa
1373 1869 1468 1929 est
1551 1867 1614 1927 et
1693 1861 2053 1947 recipienda
2119 1863 2535 1931 Herwerdeni
2604 1865 2964 1932 emendatio

585 1972 876 2052 (ἰχόντες.
971 1970 1331 2036 Sexcenties
1375 1969 1531 2035 haec
1575 1971 1743 2034 inter
1786 1990 1852 2035 se
1898 1975 2363 2055 permutantur.

672 2182 960 2270 Thucyd.
1009 2180 1122 2246 III.
1177 2178 1216 2243 6
1263 2178 1796 2260 περιορμισάμενοι
1842 2179 1913 2245 τὸ
1960 2182 2105 2260 πρὸς
2132 2181 2317 2248 ,νότον
2363 2192 2475 2258 τῆς
2524 2184 2760 2257 πόλεως
2810 2186 2963 2251 ε’τεί-

579 2314 776 2373 χισαν
837 2286 1189 2367 ςρατόπεδα
1235 2286 1336 2352 δύο
1387 2284 1749 2365 ἑκατέρωθεν
1796 2289 1934 2369 [τῆς
1982 2286 2267 2373 πόλεως]
2361 2289 2536 2370 Quae
2581 2294 2753 2357 auris
2800 2293 2961 2359 hanc

581 2395 973 2475 κακοφωνίαν
1031 2392 1194 2458 ferre
1253 2390 1504 2478 potest?
1555 2392 1890 2459 Praeterea
1934 2397 2282 2478 repetitum
2330 2405 2439 2471 τῆς
2489 2398 2725 2471 πόλεως
2773 2399 2961 2484 plane

580 2506 678 2568 est
737 2500 970 2567 inutile
1015 2505 1080 2565 et
1126 2519 1682 2585 supervacaneum.
1734 2498 1882 2565 Duo
1928 2505 2107 2565 erant
2153 2507 2373 2587 portus
2419 2503 2445 2566 ὃ
2493 2504 2607 2579 μὲν
2654 2506 2797 2584 πρὸς
2844 2505 2957 2583 βο-

579 2607 719 2689 ρέαν
766 2615 877 2684 τῆς
926 2604 1196 2684 πόλεως,
1249 2606 1406 2694 (cap.
1460 2605 1520 2670 4.
1575 2605 1664 2691 5.)
1714 2607 1741 2670 ὅ
1790 2607 1855 2671 δὲ
1901 2609 2045 2686 πρὸς
2096 2609 2280 2672 νότον.
2375 2610 2795 2697 Perspicuum
2836 2615 2959 2700 igi-

578 2721 686 2780 tur
731 2721 828 2780 est
874 2734 1034 2801 quae
1079 2715 1210 2778 sint
1255 2713 1341 2784 uic
1387 2711 1739 2792 ςρατόπεδα
1785 2712 1871 2776 τά
1921 2712 2285 2792 ἑκατέρωθεν
2332 2717 2798 2797 τετειχισμένα.

668 2925 960 3013 Thucyd.
1022 2921 1138 2988 III.
1209 2923 1312 2990 10.
1378 2923 1439 2986 2.
1514 2925 1660 2998 ἡμῖν
1722 2921 1825 2986 καὶ
1891 2923 2230 2997 Ἀθηναίοις
2296 2924 2647 3012 ξυμμαχία
2713 2929 2959 3008 ἐγένετο

578 3030 1002 3098 ἀπολιπόντων
1065 3021 1179 3108 μὲν
1240 3030 1404 3105 ὑμῶν
1466 3028 1536 3091 ἐκ
1588 3033 1694 3093 τοῦ
1755 3027 2035 3100 Μηδικοῦ
2084 3031 2393 3111 πολέμου,
2442 3038 2960 3114 παραμεινάντων

575 3139 629 3203 δ’
692 3137 927 3202 ἐκείνων
987 3135 1132 3213 πρὸς
1179 3134 1266 3198 τά
1314 3132 1622 3198 ὑπόλοιπα
1669 3140 1785 3198 τῶν
1837 3132 2043 3214 ἔργων.
2138 3135 2284 3202 Non
2331 3139 2628 3228 intelligo
2674 3143 2827 3227 quid
2874 3146 2960 3208 sit

575 3243 989 3316 ἀπολιπόντες
1031 3242 1100 3306 ἐκ
1137 3244 1244 3306 τοῦ
1285 3241 1577 3316 πολέμου.
1613 3239 1998 3306 Herwerden
2040 3248 2329 3308 annotat:
2376 3247 2847 3322 ηἀπολιπόντων
2872 3287 2955 3298 --

577 3351 664 3416 ἐκ.
737 3351 824 3436 ff·
897 3351 1002 3412 lib.
1067 3345 1143 3412 V.
1207 3346 1269 3411 4.
1333 3346 1456 3410 Dio
1517 3344 1590 3412 C.
1653 3346 1997 3411 XXXVII.
2059 3347 2167 3412 40.
2216 3349 2406 3415 excrss'
2450 3352 2721 3440 Legitur
2768 3353 2844 3421 V.
2896 3356 2961 3422 4.

575 3464 883 3522 Λεοντῖνοι
925 3457 1032 3502 ’-
1092 3454 1203 3526 τὴν
1265 3450 1445 3516 πόλιν
1506 3452 1857 3523 ἐκλιπόντες
1912 3490 1994 3500 -
2048 3455 2445 3533 Συρακούσας
2508 3459 2610 3522 ἐπὶ
2673 3461 2957 3546 πολιτεία

575 3559 818 3644 ᾤκησαν
881 3558 987 3625 καὶ
1053 3556 1257 3635 ὕςερον
1303 3595 1385 3606 -
1439 3557 1539 3621 διὰ
1603 3557 1674 3619 τὸ
1722 3557 1809 3632 μὴ
1859 3557 2219 3636 ἀρέσκεσθαι
2267 3561 2679 3640 ἀπολιπόντες
2727 3569 2794 3631 ἐκ
2839 3575 2957 3633 τῶν

577 3671 978 3746 Συρακουσῶν
1025 3663 1313 3735 Φωκαίας
1362 3686 1422 3726 τι
1469 3661 1688 3742 χωρίον
1736 3665 2365 3739 καταλαμβάνουσιν.
2418 3668 2590 3757 Ergo
2638 3673 2957 3739 ἀπολιπών

575 3770 968 3860 significabit
1013 3769 1330 3852 ἀπελθών,
1372 3767 1538 3852 quod
1581 3770 1684 3833 cui
1726 3767 2025 3834 credibile
2065 3789 2199 3834 esse
2237 3772 2601 3842 videbitur?
2638 3778 2949 3863 Equidem

570 3879 693 3944 hoc
754 3877 893 3943 loco
955 3875 1348 3942 restituerim
1411 3871 1784 3945 ἀπελθόντες
1850 3877 1914 3938 et
1958 3874 2074 3941 illo
2120 3875 2530 3944 ἀπελθόντων.
2626 3882 2733 3948 Sic
2780 3887 2953 3950 enim

572 3986 814 4070 optime
883 3984 1049 4046 inter
1119 4001 1186 4045 se
1254 3985 1656 4066 opponuntur
1716 3977 1963 4044 ἀπιέναι
2036 3985 2100 4046 et
2169 3985 2549 4062 παραμένειν
2616 3991 2683 4053 in
2743 3993 2956 4056 verbis

571 4087 960 4156 ἀπελθόντων
1007 4085 1120 4164 μὲν
1170 4087 1331 4162 ὑμῶν
1383 4121 1465 4134 —
1515 4085 2029 4164 παραμεινάντων
2076 4086 2131 4152 δ’
2180 4089 2437 4156 ἐκείνων.

607 4384 610 4387 ¹
663 4299 954 4386 Thucyd.
1015 4295 1128 4362 III.
1199 4295 1304 4361 10.
1355 4294 1416 4360 6.
1480 4299 1655 4374 ἡμεῖς
1704 4295 1757 4360 δ’
1804 4296 2125 4372 αὐτόνομοι
2173 4299 2245 4376 δὴ
2290 4301 2455 4374 ὄντες
2504 4305 2610 4369 καὶ
2660 4307 2952 4389 ἐλεύθεροι

569 4405 1166 4489 ξυνεςρατεύσαμεν.
1217 4401 1515 4497 Requirit
1559 4404 1871 4468 sententia
1915 4404 2362 4492 imperfectum
2412 4407 2949 4494 ξυνεςρατεύομεν,
