3369 5142
592 308 724 380 290
1591 332 1934 385 mmmm«.

588 505 757 586 Quid
831 511 925 570 est
993 506 1379 595 leg-endum?
1448 508 1634 573 Nihil
1709 508 1884 573 aliud
1955 530 2146 593 quam
2217 517 2651 576 ΚΕΛΘΤουσ-ι.
2743 514 2955 580 Nimis

588 612 795 677 audax
859 618 923 677 et
978 612 1331 679 violentum
1396 616 1463 679 id
1526 635 1659 679 esse
1735 622 1940 699 putas.
2033 614 2387 680 Producam
2459 619 2662 704 igitur
2729 626 2954 685 testem

590 719 1011 803 locupletem,
1072 720 1279 804 ipsum
1343 720 1796 805 Antiphontem
1857 720 2029 785 Orat.
2092 720 2166 785 V.
2218 720 2342 785 84:
2393 732 2518 793 τοῖς
2565 724 2676 799 μὲν
2723 748 2954 803 μαρτυ-

588 832 780 905 ροῦσιν
829 828 1074 891 ἅτις-εῖν
1124 827 1288 903 ὑμᾶς
1338 828 1690 903 κελεύουσι,
1739 834 1864 897 τοῖς
1911 828 1974 891 δὲ
2023 826 2264 905 λόγοις,
2315 824 2410 900 οὓς
2459 829 2630 893 αὐτοὶ
2679 828 2953 913 λέγουσι,

586 937 854 1003 oras-edm
905 936 1070 1009 ὑμᾶς
1118 934 1281 1012 φασὶ
1332 942 1571 1011 χρῆναι.
1640 933 1842 997 Amat
1886 934 2210 1019 Antiphon
2257 955 2370 998 sua
2414 942 2714 1019 repetere.
2775 934 2955 999 Unde

584 1048 799 1107 autem
850 1060 1020 1105 error
1064 1046 1240 1103 ortus
1286 1036 1421 1103 est?
1468 1059 1543 1102 ex
1592 1046 1804 1103 vetere
1850 1038 2074 1104 lacuna
2119 1040 2222 1078 *¹*
2250 1040 2478 1080 *²³⁴¹*
2505 1050 2720 1106 OTCI.

676 1254 837 1339 Peg.
900 1250 1051 1313 145.
1110 1271 1244 1335 cap.
1312 1248 1432 1313 33:
1500 1247 1595 1313 ἵνα
1661 1250 1713 1313 δ’
1772 1246 1858 1313 ἔτι
1909 1250 2076 1334 [καὶ]
2125 1249 2368 1326 ἄμεινον
2415 1251 2692 1333 μάθητε,
2739 1252 2951 1317 τούτου

583 1358 761 1424 ἕνεκα
818 1358 1008 1421 πλείω
1072 1354 1250 1430 λέξω.
1344 1356 1647 1421 Mendose
1703 1364 1768 1420 et
1814 1362 2030 1421 contra
2075 1356 2321 1421 dicendi
2369 1378 2559 1423 usum
2620 1360 2951 1443 interposi-

584 1474 725 1531 tum
774 1465 883 1529 καί
926 1462 1366 1548 expellendum
1418 1468 1530 1527 est.

675 1676 989 1743 Similiter
1058 1696 1191 1759 cap.
1274 1674 1393 1739 34:
1464 1676 1621 1747 τίνες
1695 1672 1792 1739 οὖν
1857 1671 2009 1747 ἦσαν
2071 1676 2122 1737 οἱ
2185 1676 2508 1747 πείσαντες
2573 1676 2797 1747 αὐτοὺς
2845 1678 2946 1741 καὶ

582 1788 736 1856 τίνος
804 1781 1011 1847 ἕνεΚΑ
1074 1782 1237 1866 [καὶ]
1306 1782 1593 1859 πρόθυμοι
1655 1783 1931 1858 ἐγένοντο
1977 1790 2190 1845 πεῖσαι
2240 1782 2497 1859 αὐτούς;
2548 1781 2737 1847 Vides
2783 1784 2948 1849 unde

579 1892 809 1960 vitiose
856 1890 1180 1955 abundans
1227 1889 1452 1974 copula
1498 1894 1647 1953 nata
1695 1890 1799 1952 sit.

668 2104 829 2192 Pag.
902 2103 1058 2168 145.
1130 2124 1264 2188 cap.
1342 2100 1463 2167 37:
1537 2102 1674 2181 πρὶν
1739 2104 1848 2176 τὴν
1915 2102 2108 2166 οἰκίαν
2169 2103 2553 2181 καθᾶραι,
2619 2124 2754 2167 sero
2813 2104 2947 2167 nati

579 2209 878 2276 Graeculi
926 2210 1218 2274 dicebant
1264 2212 1567 2293 καθᾶραι,
1619 2211 1914 2285 σημᾶναι.
1965 2207 2308 2273 Verissime
2355 2209 2752 2295 Phrynichus
2797 2230 2946 2295 pag.

580 2320 690 2384 24.
752 2317 906 2383 Lob.
959 2319 1333 2390 Σημᾶναι
1386 2314 1486 2379 καὶ
1540 2316 1940 2393 θερμᾶναι
1988 2314 2092 2378 καὶ
2143 2316 2531 2393 καθᾶραιι
2581 2316 2685 2379 καὶ
2736 2321 2946 2379 ταῦτα

579 2426 749 2503 παρὰ
796 2424 905 2495 τὴν
953 2422 1232 2503 ἀρχαίαν
1279 2430 1514 2501 χρῆσιν.
1571 2458 1651 2469 -
1705 2421 1974 2497 λέγομεν
2022 2421 2083 2485 δὲ
2133 2420 2233 2484 διὰ
2279 2426 2385 2484 τοῦ
2437 2430 2489 2484 Η
2553 2428 2942 2498 σημῆναι,

574 2536 1003 2610 θερμῆναι,
1078 2531 1440 2607 καθῆραι.
1534 2526 1702 2608 Quin
1771 2529 1975 2614 igitur
2043 2527 2146 2591 his
2215 2530 2498 2604 utimur,
2567 2530 2622 2592 si
2687 2548 2836 2592 vera
2882 2534 2946 2592 et

573 2645 743 2705 certa
810 2633 1001 2702 sunt?
1068 2635 1273 2700 Nemo
1344 2640 1488 2700 ante
1552 2633 1902 2698 Alexandri
1969 2637 2258 2718 tempora
2319 2633 2567 2699 dicebat
2631 2636 2904 2715 ἐκάθαρα
2925 2657 2940 2714 ;

573 2753 787 2831 postea
855 2763 1073 2808 omnes
1140 2743 1231 2806 sic
1302 2741 1625 2818 dicebant,
1697 2741 1864 2804 unde
1933 2740 2171 2805 formae
2241 2745 2482 2805 veteres
2551 2761 2798 2826 semper
2875 2743 2943 2806 in

570 2871 806 2939 magno
850 2845 1132 2936 periculo
1178 2855 1533 2914 versantur.
1781 2851 1786 2854 ’

660 3065 821 3152 Pag.
891 3063 1035 3127 145.
1102 3083 1235 3146 cap.
1301 3059 1423 3126 38:
1498 3062 1619 3136 ἐγὼ
1680 3059 1820 3132 τοὺς
1866 3064 2073 3123 ταῦτα
2122 3059 2605 3137 μηχανωμένους
2657 3061 2940 3126 εἱσΑΓων

572 3173 651 3244 εἷς
712 3170 781 3234 τὸ
850 3172 1184 3250 δικαςήριον
1238 3163 1395 3233 εἷλον
1444 3165 1761 3238 ἅπαντας.
1853 3165 1943 3230 Ut
1987 3172 2182 3251 puto,
2235 3167 2628 3245 εἷσΛΓΛγών
2675 3169 2941 3234 dixerat.

572 3277 885 3342 Similiter
950 3297 1081 3362 cap.
1154 3274 1238 3340 49
1301 3274 1594 3340 emenda:
1644 3273 1974 3349 πυθόμενος
2027 3274 2248 3344 αὐτοὺς
2298 3273 2465 3338 δεινὰ
2513 3275 2616 3338 καὶ
2667 3277 2938 3356 σχέτλια

571 3381 935 3463 ἐργάζεσθαι
984 3385 1355 3462 εἰσ-ΗΓΛγον
1405 3385 1488 3456 εἷς
1538 3383 1647 3454 τὴν
1694 3381 1924 3458 βουλὴν
1970 3380 2074 3444 καὶ
2123 3378 2376 3456 ἐδίδαξα
2426 3383 2554 3446 κτὲ.

659 3593 814 3678 Pag.
870 3591 1014 3658 14¹7.
1066 3612 1201 3675 cap.
1252 3587 1372 3655 50:
1425 3589 1529 3654 καὶ
1580 3595 1680 3653 νῦν
1727 3589 1893 3664 δίκην
1943 3588 2206 3654 διδόασιν
2252 3585 2327 3652 ὧν
2373 3589 2726 3665 ἠδικήκασιν
2763 3594 2942 3660 αὐτοί

569 3723 640 3765 τε
716 3700 819 3764 καὶ
892 3701 942 3765 οἱ
1016 3697 1603 3776 μεσεγγυησάμενοι
1670 3697 1839 3780 [καὶ]
1904 3701 2050 3775 παρ’
2115 3689 2196 3767 οἷς
2262 3695 2430 3771 ἐτέθη
2479 3697 2564 3761 τὰ
2609 3700 2934 3777 χρήματα.

579 3807 859 3872 Verbum
933 3805 1411 3884 μεσεγγυᾶσθαι
1485 3805 1645 3868 vitio
1707 3809 1929 3867 natum
1993 3807 2058 3866 et
2117 3823 2262 3866 cum
2311 3803 2603 3889 analogia
2649 3825 2939 3893 pugnans

571 3932 923 3999 numquam
996 3909 1253 3978 Graecis
1324 3911 1600 3992 antiquis
1670 3909 1739 3973 in
1809 3930 1929 3973 usu
2000 3909 2126 3972 fuit
2194 3915 2258 3973 et
2323 3909 2711 3995 ubicumque
2773 3913 2940 3998 apud

570 4025 823 4086 Veteres
868 4039 1035 4083 nunc
1085 4020 1321 4104 legitur
1369 4037 1510 4082 cum
1560 4019 1722 4081 vitio
1769 4014 2072 4080 ambulat.
2125 4015 2383 4101 Pugnat
2429 4037 2574 4080 cum
2613 4017 2935 4104 analogia,

564 4131 864 4212 inquam:
932 4145 1161 4208 nempe
1222 4145 1299 4188 ex
1348 4124 1551 4200 ἐγγύη
1600 4131 1770 4187 reete
1819 4123 2094 4199 ἐγγυᾶν,
2145 4120 2492 4205 ἐξεγγυᾶν,
2548 4123 2930 4200 ἐγγυᾶσθαι,

570 4233 991 4314 ἕξεγγυᾶσθαι
1053 4213 1407 4296 formantur
1470 4237 1533 4294 et
1580 4233 1881 4315 perpetuo
1929 4228 2222 4293 omnium
2271 4249 2392 4292 usu
2439 4228 2934 4312 frequentantur.

563 4343 661 4408 Ex
721 4329 1075 4420 μεσέγγυοξ
1138 4341 1355 4402 autem
1417 4357 1542 4401 non
1604 4336 2086 4412 μεσεγγυὶἑσθαι
2150 4338 2460 4416 nascitur,
2524 4335 2633 4398 sed
2697 4359 2934 4413 μεσεγ-

563 4449 892 4528 γόοῦσθαι,
958 4467 1079 4511 non
1143 4443 1629 4522 μεσεγγύΗμα.
1703 4441 1808 4506 sed
1865 4440 2354 4518 μεσεγγύΩμα.
2449 4439 2934 4508 Observationes
