3369 5142
613 311 700 384 34
1605 325 1993 380 rasennam

601 503 768 572 lesta
813 508 910 570 est
931 554 946 581 ,
997 505 1056 570 si
1099 503 1360 588 quidem
1407 502 1729 590 Bergkius
1777 504 2137 590 frag-mento
2175 523 2213 571 a
2250 469 2519 574 Stobaeo
2556 509 2805 573 servato
2825 508 2995 572 reete

600 610 854 679 addidit
898 609 1286 676 versiculum
1307 657 1326 688 ,
1376 630 1568 695 quem
1614 611 1686 674 in
1733 609 1936 676 lexico
1983 609 2449 677 Vindobonensi
2495 613 2773 678 invenit:
2831 611 2833 614 ’

1017 716 1118 780 καὶ
1171 715 1341 780 κατὰ
1389 714 1568 792 μίτον
1613 717 1697 780 τὰ
1748 720 2086 795 πράγματ’
2132 715 2562 799 έκλογίζομαι.

605 818 702 888 Of.
755 819 1086 928 Supplem.
1135 821 1430 886 Addend.
1475 841 1540 906 p.
1593 818 1789 886 LVII.

696 1031 1035 1099 'I'eleclidis
1083 1055 1289 1099 unum
1335 1033 1773 1121 fragmentum
1824 1035 2203 1100 examinabo
2243 1035 2409 1120 quod
2446 1033 2833 1101 Plutarchus
2868 1054 2996 1100 ser-

600 1141 784 1208 vavit
829 1142 898 1204 in
948 1139 1171 1206 Niciae
1217 1138 1368 1206 Vita
1413 1161 1463 1206 c.
1518 1140 1594 1204 4:
2432 1214 2435 1216 Ὗ

873 1245 1184 1324 τέτταρας
1233 1245 1297 1311 δὲ
1341 1248 1504 1322 μνᾶς
1557 1243 1744 1312 ἔδωκε
1794 1245 2021 1318 Νικίας
2070 1244 2455 1326 Νικηράτου·

873 1347 950 1416 ὧν
997 1351 1048 1416 δ’
1097 1349 1277 1416 ἕκατι
1323 1354 1493 1417 τοῦτ’
1541 1351 1821 1427 ἔδωκε,
1871 1351 2096 1431 καίπερ
2143 1349 2209 1418 εὖ
2255 1352 2422 1424 εἰδὼς
2474 1352 2595 1431 ἐγὼ

874 1459 982 1524 οὐκ
1029 1458 1170 1536 ἐρῶ·
1222 1457 1407 1539 φίλος
1456 1457 1583 1538 γὰρ
1631 1458 1814 1537 οἱνῆρ,
1866 1463 2191 1540 σωφρονεῖν
2241 1457 2306 1523 δέ
2350 1481 2454 1536 μοι
2502 1458 2536 1524 δ
2552 1464 2751 1523 οκεῒ.

603 1564 899 1630 Primum
963 1583 1076 1647 pro
1138 1560 1316 1628 ἔδωκε
1377 1563 1446 1628 in
1509 1564 1783 1630 secundo
1844 1585 2031 1631 versu
2096 1561 2371 1630 Cobetus
2433 1567 2715 1649 reposuit
2776 1560 2989 1642 ἔδρασε

606 1669 849 1736 Mnem.
916 1669 987 1734 V.
1051 1667 1219 1747 1033
1294 1669 1400 1734 sed
1449 1689 1653 1734 nonne
1728 1671 1905 1736 vides
1974 1671 2233 1755 periisse
2301 1669 2425 1734 loci
2496 1664 2831 1734 aculeum?
2922 1665 2993 1734 Si

603 1776 822 1842 Nicias
869 1774 1246 1856 ἐσωφρόνησε
1267 1823 1286 1859 ,
1335 1795 1537 1860 quum
1593 1781 1867 1861 quatuor
1928 1776 2137 1840 minas
2200 1775 2379 1842 daret
2439 1774 2864 1862 sycophantae
2928 1777 2993 1839 et

605 1882 660 1948 si
719 1886 904 1966 poeta
958 1881 1139 1946 novit
1202 1901 1317 1946 cur
1375 1881 1597 1947 Nicias
1653 1899 1793 1948 eam
1843 1884 2179 1966 pecuniam
2224 1881 2499 1956 dederit,
2550 1901 2663 1946 cur
2708 1879 2995 1946 amicitia

605 1988 756 2053 fecit
817 1994 892 2053 ut
951 2007 1208 2053 oausam
1256 1984 1550 2072 proloqui
1592 1984 1829 2054 nollet?
1878 1985 2177 2054 Inficetus
2220 1987 2399 2052 locus
2444 1986 2696 2073 lepidus
2744 1983 2855 2051 fiet
2900 1985 2992 2050 sic

605 2095 917 2180 scriptus:

874 2194 950 2264 ὧν
998 2196 1056 2263 δ’
1104 2195 1282 2262 ἕκατι
1331 2195 1505 2262 τοῦτ’
1549 2196 1804 2283 ἔδρασε,
1853 2199 2077 2277 καίπερ
2128 2195 2195 2265 εὖ
2246 2197 2411 2272 εἰδὼς
2460 2199 2582 2276 ἐγὼ

881 2305 986 2370 οὐκ
1034 2304 1178 2385 ἐρῶ·
1227 2302 1411 2384 φίλος
1460 2305 1587 2384 γοὶρ
1634 2302 1823 2385 ἁνήρ,
1875 2310 2200 2385 σωφρονεῖν
2246 2302 2311 2371 δέ
2357 2327 2461 2381 μοι
2509 2303 2723 2370 δοκῶ.

611 2407 717 2476 Sic
761 2407 1224 2497 Aristophanes
1269 2408 1433 2476 dixit
1477 2409 1674 2496 Vesp.
1726 2409 1934 2476 1405:

1051 2516 1102 2582 εί
1155 2517 1220 2593 νὺ
1271 2513 1377 2583 Δί’
1427 2515 1564 2582 ἀντὶ
1616 2522 1729 2592 τῆς
1778 2523 1973 2593 κακῆς
2023 2517 2311 2597 γλώττης
2360 2516 2536 2583 ποθὲν

1061 2622 1281 2703 πυροὺς
1328 2622 1567 2705 πρίαιο,
1618 2626 1942 2705 σωφρονεῖν
1987 2620 2065 2689 ἄν
2109 2646 2213 2700 μοι
2260 2623 2477 2696 δοκεῖς.

699 2831 1045 2899 Insanabili
1087 2852 1284 2919 paene
1332 2834 1549 2900 morbo
1595 2832 1844 2899 laborat
1889 2832 2237 2921 Hermippi
2279 2833 2458 2901 locus
2504 2856 2605 2921 ap.
2655 2835 2885 2903 Athen.
2928 2836 2995 2903 X

609 2959 674 3025 p.
722 2936 855 3003 426
903 2938 990 3005 F:
1049 2939 1102 3003 οἱ
1147 2938 1200 3003 δ’
1251 2938 1708 3023 ἐπιτεταμένως
1756 2944 2057 3021 χρώμενοι
2104 2941 2189 3020 τῷ
2235 2942 2399 3020 ποτ-ᾦ
2448 2941 2553 3007 δύο
2600 2941 2750 3007 οἴνου
2800 2938 2996 3007 ἔπινον

612 3044 757 3126 πρὸς
807 3045 992 3110 πέντε
1041 3041 1258 3117 ὕδατος
1279 3065 1296 3083 ·
1345 3043 1572 3111 deinde
1608 3044 1975 3113 Athenaeus
2015 3050 2077 3112 et
2117 3046 2275 3113 alios
2311 3046 2483 3115 locos
2522 3046 2699 3113 affert
2736 3052 2801 3113 et
2832 3045 2997 3113 illud

611 3149 990 3237 Hermippi:

1064 3254 1266 3323 ἔπειθ’
1311 3254 1462 3323 ὅταν
1492 3254 1812 3335 πινώμεθ’
1860 3258 1897 3334 ἢ
1946 3255 2324 3343 διψώμεθα,

1066 3360 1402 3445 εὐχόμεθα
1448 3366 1593 3443 πρὸς
1641 3365 1811 3429 τοῦτ’
1857 3359 2003 3435 οἶνος
2052 3360 2095 3428 ὦ
2144 3362 2322 3442 κέρας
2372 3366 2571 3440 γενοῦ.

1068 3470 1184 3541 xci-5·
1231 3475 1338 3535 τοῦ
1387 3469 1671 3543 καπήλου
1718 3468 1829 3546 ’γὼ
1882 3466 2043 3551 φέρω
2094 3464 2325 3548 παίζων
2374 3464 2518 3545 ἅμα

1067 3571 1294 3646 καῦθις
1343 3573 1688 3654 γεγένηται
1736 3578 1917 3640 τοῦτο
1965 3572 2149 3639 πέντε
2198 3574 2304 3639 καὶ
2353 3573 2476 3640 δύο.

611 3678 770 3761 Quis
827 3680 948 3746 hoc
1007 3676 1362 3767 intelligit?
1427 3679 1636 3747 Nemo
1700 3678 1931 3747 hercle.
2026 3680 2397 3746 Absurdum
2444 3684 2543 3747 est
2588 3676 2885 3746 πίνεσθαι
2934 3683 3000 3746 et

612 3782 920 3864 διψῆσθαι
980 3806 1093 3870 pro
1155 3788 1346 3850 πίνειν
1403 3790 1470 3851 et
1516 3784 1718 3864 διψῆν.
1812 3785 2108 3853 Absurde
2152 3794 2247 3852 est
2293 3807 2542 3872 quoque
2588 3784 2839 3867 horum,
2862 3806 3001 3852 ver·

613 3892 843 3958 borum
893 3893 1250 3978 conjunctio
1293 3898 1359 3957 et
1403 3892 1725 3981 Bergkius
1770 3891 1938 3959 nihil
1976 3896 2148 3980 egit,
2190 3914 2393 3979 quum
2434 3895 2810 3981 corrigeret:
2850 3890 2999 3958 ὅταν

617 3994 950 4075 πινώμεθ’
1015 3998 1048 4073 ἢ
1113 3995 1468 4077 διψώμεθα.
1564 3998 1743 4065 Idem
1804 4002 2001 4065 etiam
2064 3999 2384 4067 infelicius
2442 4005 2733 4065 versatus
2791 4006 2888 4067 est
2933 4002 3002 4067 in

614 4126 804 4172 versu
865 4104 1139 4170 secundo
1201 4104 1622 4171 emendando:
1693 4125 1894 4190 quum
1957 4103 2171 4171 Codex
2228 4103 2489 4172 habeat:
2546 4108 2689 4185 πρὸς
2740 4104 2920 4172 τοῦθ’
2970 4107 3001 4173 ὃ

614 4207 763 4286 οἶνος
833 4212 1058 4292 ὠκερας
1119 4213 1297 4288 γενοῦ
1321 4258 1338 4287 ,
1402 4212 1656 4297 scripsit
1712 4210 1781 4277 id
1833 4210 2001 4297 quod
2049 4231 2240 4297 supra
2286 4210 2433 4277 dedi
2480 4216 2546 4277 et
2590 4214 2823 4278 vertit:
2870 4212 3005 4277 Ηοο

613 4339 798 4381 cornu
857 4321 1057 4401 copiae
1101 4318 1376 4401 precibus
1435 4317 1781 4385 invocamus
1795 4346 1815 4382 .-
1862 4340 1895 4380 ο
1942 4338 2127 4381 cornu
2172 4317 2377 4381 vinum
2404 4320 2557 4401 fias.
2654 4316 3005 4385 Existimat

618 4425 788 4495 enim
807 4472 822 4495 ‚
895 4424 1087 4493 sicuti
1155 4420 1522 4493 Meinekius
1591 4422 1815 4489 retulit
1883 4444 1945 4513 p.
2013 4421 2175 4503 389,
2253 4423 2651 4491 Mercurium
2719 4422 3004 4491 aliumve
