3369 5142
596 281 728 350 288
1612 300 1951 359 mmnon.

681 474 841 562 Pag.
894 473 1040 539 140.
1090 495 1225 560 cap.
1278 474 1393 541 90:
1444 484 1571 549 πῶς
1618 477 1693 541 ἂν
1740 475 1837 544 οὖν
1885 482 2056 559 ὀρθῶς
2092 474 2450 553 &nedem-ru
2497 514 2580 523 —
2617 474 2670 539 εἰ
2712 472 2960 549 τούτους

589 580 832 646 ἐάσετε
871 583 998 645 κτὲ.
1048 580 1148 646 Ob
1186 583 1561 668 praecedens
1626 584 1951 651 δικάσαιτε
1973 604 2224 651 necesse
2247 586 2344 647 est
2367 581 2640 649 scribere
2663 581 2961 658 ἐάσΛῙτε,

592 693 667 752 ut
720 690 790 752 in
832 689 1041 753 iocoso
1088 688 1343 754 oraculo
1388 709 1585 774 quum
1631 693 1774 775 quis
1817 690 2178 778 Apollinem
2227 690 2317 753 sic
2362 688 2804 754 consuluisset:

1001 800 1127 865 πῶς
1177 794 1253 859 ἂν
1302 796 1759 875 πλουτήσαιμι,
1812 798 1956 870 Διὸς
2004 798 2108 861 καὶ
2155 799 2398 870 Λητοῦς
2449 796 2572 873 υἷές

592 901 911 985 respondit
955 899 1160 967 Deus:

1002 1008 1054 1071 εἰ
1100 1009 1169 1072 τὸ
1214 1008 1401 1085 μέσον
1444 1010 1752 1084 κτῆσΛΙΟ
1801 1008 2073 1089 Κορίνθου
2120 1009 2225 1075 καὶ
2273 1013 2589 1080 Σικυῶνος.

588 1114 669 1179 cf.
715 1114 1063 1179 Zenobiam
1110 1112 1222 1179 III.
1274 1111 1379 1180 5¹7.
1430 1117 1643 1203 ibique
1688 1116 2146 1184 Schneidewin.

682 1326 840 1414 Pag.
896 1325 1045 1391 140.
1092 1348 1227 1414 cap.
1279 1327 1399 1394 90:
1450 1366 1533 1377 —
1582 1330 1690 1393 ἐὰν
1737 1330 1858 1393 νυνὶ
1908 1326 2390 1408 οἱποψηφίσησθέ
2435 1352 2572 1405 μου,
2632 1326 2954 1407 διαφεύγειν

595 1434 721 1512 γὰρ
781 1435 905 1499 οὐδ’
966 1432 1115 1499 οὕτω
1161 1435 1279 1507 τὰς
1324 1434 1621 1513 ὑμετέρας
1670 1438 1962 1517 γνώμας,
2008 1437 2158 1501 ἀλλ’
2209 1438 2384 1511 ὑμεῖς
2429 1434 2636 1498 ἔσεσθε
2683 1435 2733 1497 οἱ
2782 1434 2968 1496 κάκεῖ

592 1540 726 1618 περὶ
800 1540 947 1617 ἐμοῦ
1019 1540 1529 1623 διαψηφιζόμενοι
1602 1542 1709 1605 καὶ
1782 1542 2209 1619 ΦΕῙσαμένοις
2270 1542 2385 1619 μὲν
2444 1541 2587 1619 ὑμῖν
2649 1542 2796 1616 ἐμοῦ
2857 1542 2958 1600 νῦν

594 1644 753 1724 ἔξεςι
824 1648 965 1712 τότε
1031 1649 1300 1729 χρῆσθαι
1374 1643 1441 1731 ὅ,
1512 1672 1571 1711 τι
1642 1646 1721 1713 ἂν
1781 1648 2124 1727 βούλησθε,
2188 1651 2600 1713 ἆπολΕΟΛΕΙ
2664 1655 2778 1711 ΔΕ
2825 1644 2958 1709 οὐδὲ

591 1755 1051 1832 βουλεύσασθαι
1118 1757 1207 1819 ἔτι
1279 1755 1409 1835 περὶ
1483 1756 1631 1831 ἐμοῦ
1696 1756 1986 1836 ἐγχωρεῖ.
2081 1755 2207 1820 Pro
2269 1756 2455 1819 κάκεῖ
2508 1757 2576 1819 in
2634 1753 2820 1818 libris
2865 1756 2962 1817 est

593 1862 801 1925 κακοιί
866 1864 955 1925 sic
1013 1861 1216 1927 solent
1273 1864 1341 1926 in
1402 1864 1865 1945 antiquissimis
1925 1861 2176 1927 mendis
2235 1863 2474 1927 formae
2528 1866 2772 1927 veteres
2817 1863 2960 1923 tuto

593 1966 787 2033 latere
848 1971 913 2032 et
968 1988 1174 2033 crases
1236 1973 1301 2033 et
1362 1966 1653 2033 elisiones
1713 1988 1750 2033 a
1810 1968 2032 2033 scribis
2076 1974 2296 2053 postea
2339 1969 2724 2034 obscuratae.
2817 1964 2961 2030 Non

592 2074 778 2139 aliter
825 2073 1117 2139 dicebant
1160 2072 1365 2138 Attici
1416 2092 1607 2158 quam
1656 2076 1868 2148 κάκεῖ,
1923 2075 2214 2149 κάκεῖνος,
2268 2074 2443 2151 κάγὼ
2492 2080 2556 2138 et
2599 2075 2742 2137 sim.
2791 2076 2855 2137 et
2893 2073 2960 2134 in

594 2179 878 2245 articulis
935 2181 1315 2263 τάπίχειρα,
1378 2179 1759 2256 τάπιτίμια,
1823 2181 2182 2258 τάπινίκια,
2232 2180 2388 2243 τοξπὶ
2439 2180 2722 2262 Θρᾴκης,
2767 2178 2960 2240 τιέπι-

593 2286 841 2369 τήδεια,
903 2285 1260 2364 τάργύριον,
1307 2285 1649 2365 τᾶργύρια,
1706 2283 2132 2364 τάνδράποδα,
2181 2288 2358 2351 τούπ’
2406 2286 2544 2362 ἐμοί
2565 2336 2580 2361 ,
2633 2281 2958 2361 θοιμάτιον,

592 2391 897 2468 θαιμάτια
962 2398 1026 2456 et
1088 2392 1213 2456 alia
1272 2390 1599 2476 complura
1658 2391 2155 2468 eiusdemmodi,
2219 2411 2378 2476 quae
2435 2391 2744 2477 hodieque
2790 2389 2957 2475 apud

595 2518 811 2563 omnes
858 2496 1027 2562 male
1072 2496 1349 2562 resoluta
1393 2498 1774 2563 scribuntur.

683 2604 809 2669 Pro
872 2603 1298 2680 ΦΕΙσαμένοις
1358 2605 1473 2681 μέν
1530 2607 1598 2668 in
1658 2603 1890 2670 Codice
1938 2615 1995 2669 A
2039 2604 2464 2691 (Crippsiano)
2515 2608 2802 2670 omnium
2853 2625 2957 2668 me

592 2713 802 2777 iudice
846 2710 1215 2776 fidelissimo
1262 2716 1423 2776 teste
1472 2709 1574 2795 (de
1620 2731 1746 2792 qua
1790 2732 1858 2774 re
1903 2711 2060 2777 alias
2105 2712 2365 2776 fortasse
2412 2711 2668 2777 dabitur
2708 2711 2958 2776 dicendi

588 2817 791 2903 locus)
854 2820 1163 2903 scriptum
1224 2823 1321 2882 est
1381 2816 1875 2891 ΨΗΦΙσαμένοις
1925 2816 2193 2882 solemni
2241 2839 2444 2883 errore
2488 2823 2741 2903 propter
2790 2837 2960 2882 com-

588 2923 893 3010 pendium
940 2924 1418 3008 praepositionis
1463 2943 1577 3007 pro
1622 2925 2234 3006 ἀποψηφισαμένοις,
2281 2924 2444 3009 quod
2486 2925 2641 2989 bene
2679 2926 2960 3008 reposuit

590 3031 820 3096 Aldus.
890 3029 1144 3104 Editor,
1216 3031 1324 3114 qui
1382 3027 1523 3114 plus
1588 3026 1809 3094 Codici
1867 3029 2206 3095 Oxoniensi
2271 3031 2382 3116 (N)
2449 3032 2678 3097 tribuit
2697 3077 2713 3108 ‚
2761 3050 2837 3094 ex
2885 3048 2958 3093 eo

592 3139 988 3218 Φεισαμένοις
1059 3138 1326 3221 recepit,
1396 3155 1555 3220 quae
1616 3141 1712 3200 est
1768 3133 2067 3201 Graeculi
2130 3136 2383 3202 lectoris
2443 3139 2836 3219 coniectura,
2895 3141 2959 3200 et

588 3243 752 3308 nihil
798 3247 967 3308 inter
1008 3243 1346 3323 Φείσασθαι
1392 3247 1455 3304 et
1500 3243 2025 3320 ἀποψηφίσασθαι
2072 3245 2371 3308 interesse
2417 3242 2763 3307 arbitratur
2805 3263 2958 3307 usus

588 3350 875 3414 Platonis
936 3351 1303 3413 testimonio
1363 3349 1431 3411 in
1495 3349 1782 3430 Apoloqia
1842 3369 1986 3435 pag.
2048 3347 2152 3413 31.
2196 3368 2270 3411 a:
2336 3353 2597 3420 τοιοῦτος
2647 3347 2840 3420 ἄλλος
2890 3350 2953 3411 οὐ

589 3457 800 3538 ῥᾳδίως
850 3456 991 3531 ὑμῖν
1037 3458 1402 3537 γενήσεται,
1454 3450 1495 3516 ὦ
1542 3451 1790 3532 ἄνδρες,
1839 3457 1988 3519 ἀλλ’
2035 3455 2142 3518 ἐὰν
2191 3455 2322 3531 ἐμοὶ
2371 3455 2618 3529 πίθησθε
2665 3455 2954 3536 Φείσεσθέ

590 3586 730 3639 μου.
822 3561 1062 3626 Parum
1140 3562 1319 3625 novit
1386 3559 1661 3624 Socratis
1731 3563 2017 3626 animum
2037 3611 2054 3646 ,
2125 3561 2234 3646 qui
2307 3568 2491 3645 putat
2559 3581 2706 3626 eum
2753 3565 2954 3626 dicere

589 3667 1045 3748 οὶποψηφιεῖσθέ
1102 3689 1242 3744 μου.
1300 3666 1615 3730 ostansa:
1676 3672 1774 3730 est
1833 3689 2157 3742 reservare,
2228 3691 2506 3750 reponere
2565 3669 2630 3732 in
2661 3669 2955 3754 futurum

595 3797 759 3838 usum
781 3821 795 3850 ,
868 3793 992 3837 non
1060 3774 1275 3837 statim
1349 3778 1585 3836 temere
1654 3773 1984 3838 absumere
2005 3823 2022 3856 ‚
2094 3778 2158 3838 et
2225 3776 2315 3838 sic
2385 3773 2668 3840 Socrates
2731 3776 2955 3840 suadet

594 3881 913 3947 iudicibus
972 3878 1291 3959 φείδεσθαι
1353 3881 1602 3954 ἑαυτοῦ,
1669 3879 1838 3962 quod
1890 3899 2090 3963 quum
2151 3882 2218 3944 in
2276 3881 2686 3967 Antiphontis
2741 3880 2955 3945 locum

596 4008 716 4053 non
766 3984 1028 4071 quadret
1063 3983 1644 4063 ἀποψηφισαμένοις
1684 3983 1799 4061 μέν
1838 3987 1906 4048 in
1945 3987 2282 4069 pristinam
2321 3986 2533 4051 sedem
2559 3987 2954 4052 reducemus.

684 4093 1017 4159 Praeterea
1060 4111 1173 4176 pro
1220 4088 1387 4166 ἷξες-Ι
1434 4088 1577 4153 τότε
1622 4093 2045 4156 necessarium
2093 4099 2188 4156 est
2231 4091 2486 4168 ἕξέςΑΙ.

684 4302 844 4390 Pag.
911 4302 1063 4366 141.
1125 4319 1257 4386 cap.
1312 4296 1436 4362 96:
1500 4297 1710 4362 ταῦτα
1759 4322 1846 4362 τοι
1897 4298 2109 4376 δέομαι
2158 4299 2320 4375 ὑμῶν
2367 4298 2505 4364 οὔτε
2552 4299 2622 4363 τὸ
2673 4300 2956 4380 ὑμέτερον

595 4410 846 4488 εὐσεβὲς
908 4409 1121 4489 παρεὶς
1187 4406 1323 4471 οὔτε
1372 4407 1638 4482 ἐμαυτὸν
1683 4407 1990 4486 οέποςερῶν
2031 4405 2100 4469 τὸ
2147 4406 2392 4471 δίκαιον.
2487 4406 2810 4472 Sententia
2856 4429 2954 4473 re-
