3369 5142
1341 346 1761 399 muormnns.
2599 328 2730 399 443

446 520 805 587 Multorum
875 518 1455 585 additamentorum
1524 520 1723 585 simul
1792 520 2105 607 originem
2175 520 2386 587 vides:
2459 523 2514 585 si
2585 522 2739 607 quid

360 627 525 711 apud
588 624 1033 711 Thucydidem
1084 624 1211 691 alio
1256 623 1395 691 loco
1443 624 1521 690 de
1565 626 1788 698 eadem
1835 646 1902 691 re
1947 627 2254 711 scriptum
2301 632 2398 691 est
2441 622 2740 693 Graeculi

360 732 581 799 sedulo
653 735 955 799 annotant
1022 733 1089 797 in
1157 734 1479 819 margine,
1555 731 1724 795 unde
1785 730 1970 797 facile
2029 733 2098 795 in
2155 736 2406 797 textum
2454 733 2744 817 irrepunt

360 846 471 905 aut
538 838 697 924 ipsis
766 841 1047 904 auctoris
1108 839 1319 902 verbis
1380 841 1492 903 aut
1556 836 1635 901 ad
1693 843 2083 922 praesentem
2127 838 2338 905 locum
2388 844 2742 925 utcumque

356 944 889 1019 accommodatis,
934 950 1009 1009 ut
1056 946 1175 1009 hoc
1217 943 1359 1009 loco
1403 943 1647 1009 factum
1696 950 1810 1009 est.

454 1158 745 1245 Thucyd.
794 1157 910 1224 IV.
961 1156 1068 1221 23.
1116 1156 1505 1235 ἀφικομένων
1552 1158 1605 1222 δ’
1653 1160 1854 1223 αὐτῶν
1902 1156 2206 1222 διελύοντο
2248 1159 2418 1233 εὐθὺς
2458 1161 2525 1224 αἱ
2549 1182 2734 1225 σπον-

363 1266 487 1332 δαί.
550 1264 845 1351 Ineptum
908 1268 1003 1329 est
1061 1262 1508 1347 imperfectum
1576 1282 1690 1349 pro
1742 1262 2361 1348 plusquamperijecto
2429 1271 2494 1331 et
2561 1286 2738 1350 prae-

364 1373 595 1459 positio
658 1380 745 1434 ΔΙ
811 1370 1041 1435 vitiose
1102 1368 1407 1437 abundat.
1500 1369 1896 1454 Perpetuam
1945 1374 2040 1435 est
2083 1372 2152 1435 in
2193 1390 2268 1437 ee
2311 1391 2379 1437 re
2424 1374 2490 1437 et
2525 1391 2736 1437 neces-

362 1481 601 1544 sarium
664 1478 1162 1539 ἘΛΕΛΤΝΤΟ
1228 1475 1401 1545 εὐθὺς
1454 1476 1519 1539 αἱ
1568 1474 1840 1539 σπονδαί.
1892 1481 1968 1539 ut
2014 1496 2148 1560 cap.
2205 1474 2304 1541 16.
2357 1478 2418 1541 2.
2467 1473 2534 1554 ὅ,
2585 1501 2642 1541 τι
2686 1476 2737 1540 δ’

360 1584 435 1651 ἂν
491 1582 719 1649 τούτων
773 1582 1208 1659 παραβαίνωσι
1259 1618 1339 1628 —-
1392 1582 1688 1647 λελύσθαι
1735 1581 1852 1651 τας
1901 1579 2190 1651 σπονδάς.
2239 1586 2302 1647 et
2347 1586 2491 1668 post
2537 1603 2739 1668 pauca

364 1693 637 1757 iterum:
688 1686 975 1753 ἐλθόντων
1021 1686 1085 1751 δὲ
1132 1686 1247 1757 τὰς
1298 1686 1564 1757 σπονδὰς
1584 1726 1588 1729 -
1612 1686 1942 1763 λελύσθαι,
1986 1691 2050 1751 et
2088 1708 2222 1773 cap.
2267 1684 2353 1751 23
2393 1686 2587 1769 εἴρητο
2627 1686 2736 1753 ἐὰν

358 1796 465 1863 καὶ
513 1796 709 1861 ὁτιοῦν
754 1793 1101 1874 παραβαθῇ
1150 1792 1447 1859 λελύσθαι
1493 1791 1613 1863 τὰς
1660 1790 1952 1863 σπονδάς.

450 1901 691 1967 Eodem
753 1900 943 1965 modo
1004 1918 1223 1964 omnes
1286 1902 1643 1963 constanter
1701 1898 1994 1963 dicebant
2052 1897 2220 1963 λύειν
2271 1898 2382 1971 τὰς
2433 1898 2696 1973 σπονδάς
2714 1948 2732 1979 ,

360 2028 485 2074 non
542 2004 830 2072 διαλύειν.
900 2004 956 2069 Ι.
1026 2002 1129 2069 53.
1190 2004 1461 2069 ἀδικεῖτε
1513 2041 1594 2051 —-
1647 2003 1919 2081 πολέμου
1965 2001 2264 2086 ἄρχοντες
2315 2004 2419 2069 καὶ
2468 2005 2736 2079 σπονδὰς

361 2114 607 2183 λύοντες
626 2161 645 2197 ,
693 2116 755 2177 et
801 2112 893 2177 sic
938 2111 1199 2194 passim.

450 2324 742 2410 Thucyd.
792 2322 908 2387 IV.
960 2320 1067 2387 23.
1116 2324 1179 2387 2.
1221 2324 1525 2396 Ἀθηναῖοι
1572 2322 1686 2397 μὲν
1730 2321 1890 2387 δυοῖν
1937 2330 2086 2389 νεοῖν
2131 2360 2218 2373 -·-·
2258 2325 2368 2399 τὴν
2413 2332 2739 2402 νῆσονπε·

362 2430 706 2513 ριπλέοντες
779 2438 891 2503 τῆς
964 2428 1229 2507 ἡμέρας,
1303 2436 1413 2503 τῆς
1476 2428 1539 2493 δὲ
1605 2426 1816 2499 νυκτὸς
1877 2428 1982 2495 καὶ
2032 2425 2304 2497 ἅπασΑῙ
2353 2429 2740 2511 περιώρμουν.

360 2538 500 2604 Imo
560 2556 709 2602 vero
768 2534 1131 2612 οἱποίσΑῙΟ,
1194 2555 1423 2621 nempe
1470 2535 1521 2599 οἷ
1566 2533 1892 2608 Ἀθηναῖοι.
1941 2532 2037 2602 Cf.
2087 2534 2239 2601 VII.
2297 2535 2402 2602 13.
2450 2538 2741 2617 ἀναγκα-

363 2644 597 2725 ζόμενοι
670 2679 755 2691 -
826 2640 1061 2713 πάσαις
1126 2641 1497 2721 Φυλάσσειν.
1560 2645 1624 2706 et
1686 2641 1856 2707 VIII.
1924 2640 2030 2707 36.
2079 2651 2220 2714 ταῖς
2272 2644 2578 2720 ἧμισείαις
2625 2649 2742 2712 τῶν

364 2756 501 2814 νεῶν
548 2747 755 2813 Κνίδον
804 2748 1173 2827 φυλάσσειν.
1244 2745 1322 2810 In
1366 2747 1531 2812 libro
1578 2747 1754 2815 VHI.
1802 2747 1864 2812 8.
1908 2747 2216 2828 διαφέρειν
2253 2748 2315 2812 δὲ
2351 2749 2456 2815 τὸν
2495 2748 2740 2828 Ἰσθμὸν

359 2855 477 2928 τὰς
540 2852 825 2931 ἡμισείας
889 2859 1007 2917 τῶν
1058 2859 1196 2917 νεῶν
1247 2861 1475 2930 πρῶτον
1522 2855 1623 2919 καὶ
1673 2853 1846 2924 εὐθὺς
1893 2852 2167 2918 ταύτΛΟ
2214 2855 2557 2931 ἀποπλεῖν,
2607 2876 2736 2922 001*-

358 2960 697 3048 rigendum
744 2957 1076 3025 ταύτΑῙΟ.

446 3172 739 3258 Thucyd.
812 3168 919 3234 IV.
992 3168 1099 3236 23.
1167 3169 1229 3235 2.
1298 3173 1760 3247 Πελοποννήσιοι
1827 3172 1880 3236 δ’
1941 3173 2000 3236 ἐν
2051 3181 2130 3251 τῇ
2179 3173 2396 3252 ἠπείρῳ
2435 3197 2736 3250 ςρατοπε·

363 3278 685 3354 δευόμενοι.
774 3275 917 3342 Non
979 3277 1171 3342 audet
1226 3275 1613 3343 Herwerden
1675 3277 2016 3344 rescribere
2079 3279 2738 3359 Ἐςρατοπεδὸτμένοι

363 3437 394 3464 ,,
416 3386 523 3452 sed
590 3382 1143 3462 ςρατοπεδεύεσθαι
1196 3405 1309 3464 pro
1368 3383 1916 3460 ἔςρατοπεδεῦσθαι
1966 3383 2090 3446 dici
2131 3383 2391 3465 potuisse
2421 3409 2617 3468 paam
2657 3391 2737 3468 fi-

358 3493 485 3554 dem
537 3491 709 3572 facit
776 3491 1172 3572 exemplorum
1239 3487 1567 3552 κηποι-ΜΡ
1656 3487 1780 3554 Sed
1841 3486 2020 3553 nulla
2079 3488 2512 3574 exemplorum
2559 3496 2739 3578 copia

358 3615 667 3680 umquam
738 3594 976 3660 efficere
1045 3597 1278 3680 poterit
1346 3601 1419 3658 ut
1486 3594 1653 3678 quod
1721 3593 1856 3658 fieri
1919 3615 2042 3658 non
2101 3595 2300 3678 possit
2343 3602 2558 3664 tamen
2605 3621 2739 3667 esse

359 3705 601 3769 factum
664 3700 971 3766 videatur.
1066 3701 1343 3766 Librarii
1412 3700 1525 3766 ubi
1588 3698 1786 3766 semel
1847 3719 2114 3764 errorem
2175 3701 2568 3771 imbiberunt
2603 3706 2740 3774 sine

360 3807 483 3873 fine
546 3811 775 3872 errant.
868 3805 959 3870 Ut
1018 3807 1241 3871 Latine
1289 3805 1585 3870 differunt
1632 3814 1826 3868 castra
1852 3828 2076 3888 ponere
2121 3808 2386 3889 (metari)
2431 3815 2496 3874 et
2538 3821 2738 3876 caetra

358 3915 570 3978 habero
618 3917 711 3992 (in
742 3917 970 3976 'caetris
1015 3917 1181 3990 esse),
1227 3932 1385 3996 quae
1426 3932 1613 3976 nemo
1650 3931 1959 3995 umquam
1987 3912 2358 3996 confundet,
2383 3915 2474 3978 sic
2499 3913 2740 3984 Graece

364 4017 916 4100 ςρατοπεδεύεσθαι
965 4023 1031 4082 et
1076 4017 1645 4095 ἕςρατοπεδεῢσθαι.

460 4228 747 4314 Thucyd.
812 4227 931 4292 IV.
983 4227 1089 4291 24.
1143 4225 1205 4292 3.
1254 4228 1496 4305 ὁρῶντες
1536 4235 1661 4298 τοῖς
1719 4225 2054 4300 ’Δθηνοιίοις
2103 4228 2221 4298 τὰς
2269 4229 2382 4306 μὲν
2428 4229 2740 4313 παρούσας

370 4335 594 4410 &alym
663 4337 849 4407 ναῦς,
913 4342 1053 4404 ταῖς
1121 4332 1183 4396 δὲ
1230 4334 1467 4396 πλείοσι
1519 4369 1606 4380 -
1655 4332 2086 4409 πυνθανόμενοι
2136 4335 2244 4408 τὴν
2294 4341 2464 4408 νῆσον
2512 4350 2745 4414 πολιορ-

370 4443 624 4506 κεῖσθαι.
676 4439 1091 4508 Herwerden:
1146 4487 1181 4516 „
1202 4438 1427 4516 ὀλίγας
1477 4445 1563 4504 εει
1590 4439 2127 4522 praedicativum?
2173 4439 2344 4506 Fieri
2385 4461 2508 4512 non
2544 4447 2753 4526 potest
