3369 5142
596 272 725 342 432
1590 297 1970 345 rasemanm

590 466 1324 531 accommodatissimum
1389 487 1521 531 esse
1566 471 1941 551 pronunciat
1988 475 2052 531 et
2101 466 2409 533 Codicum
2457 467 2716 532 lectioni
2764 464 2964 530 simil-

589 573 849 638 limum.
910 573 1221 657 Equidem
1284 572 1447 638 illud
1512 574 1854 637 tenendum
1904 594 2122 637 censeo
2171 576 2582 637 παντοδαπᾶν
2629 573 2964 637 lectionem

590 680 891 743 traditam
956 700 1123 763 esse,
1187 699 1311 744 non
1366 679 1764 743 παντοδαπόν
1811 686 1875 741 et
1923 683 2208 763 proxime
2255 681 2546 745 accedam
2595 682 2668 743 ad
2718 676 2967 743 Codicis

589 788 900 871 vestigia,
964 788 1019 848 si
1082 803 1448 868 reposuero:
1514 784 2148 847 παντοδαπανον
2212 784 2362 849 ὅντ’
2425 786 2630 867 ὄχλον.
2725 782 2966 847 Deinde

587 891 891 975 Dioxippi
953 889 1297 955 versiculos
1358 890 1530 955 haud
1590 890 1826 953 frustra
1889 899 2160 954 tentasse
2223 893 2387 955 mihi
2447 894 2664 955 videor
2725 889 2962 952 Mnem.

588 997 791 1061 XVII.
821 996 970 1060 240.
999 994 1259 1060 Tradita
1282 996 1473 1059 verba
1499 1006 1706 1059 erant:
1747 1000 1833 1070 μὴ
1861 998 2297 1061 κατακούσειεν
2325 1000 2518 1074 δέμας
2549 997 2573 1058 ὖ
2603 1002 2963 1074 Κωρυκαῖος.

590 1105 766 1169 ἄλλα
806 1105 928 1179 μὴν
972 1108 1339 1175 κατακήκοα
1382 1100 1859 1167 κατακολουθῶν
1903 1102 2138 1167 ἔνδοθέν
2180 1128 2302 1174 σου,
2329 1124 2490 1187 quae
2514 1107 2604 1167 ita
2629 1104 2956 1167 constitui:

1498 1210 1587 1285 μὴ
1633 1210 2072 1274 κατακούσειεν
2117 1210 2170 1272 δ’
2217 1211 2406 1279 ἑκὰς

1044 1317 1071 1379 ὃ
1121 1324 1486 1395 Κωρυκαῑος.
1534 1327 1600 1379 B.
1652 1318 1828 1380 ἀλλὰ
1878 1317 1998 1391 μὴν
2045 1320 2556 1391 κατακήκοεν

1042 1423 1119 1509 (ὁ)
1170 1421 1646 1487 κατακολουθῶν
1693 1420 1929 1487 ἔνδοθέν
1977 1447 2100 1487 σου.

588 1530 779 1615 Apud
825 1528 1251 1593 Athenionem
1299 1551 1360 1614 p.
1415 1529 1544 1593 558
1564 1550 1581 1607 ;

1048 1637 1123 1706 ὡς
1173 1638 1224 1699 δ’
1274 1638 1432 1715 ἥρω’
1484 1637 1692 1705 αὐτοῖς
1744 1636 1943 1711 ὅτι-ερον
1991 1638 2095 1700 καὶ
2145 1639 2283 1707 τοὺς
2335 1633 2499 1706 ἅλας

1045 1740 1453 1819 προσάγουσιν
1502 1742 1607 1813 ἤδη
1658 1749 1774 1805 τῶν
1821 1744 1983 1819 ἱερῶν
2032 1742 2644 1820 γεγραμμένων.

591 1849 1143 1933 simplicissimum
1192 1850 1386 1911 fuerit
1432 1846 1801 1911 rescribere:
1853 1848 2442 1925 γεγενημένων.
2493 1848 2648 1911 Ibid.
2703 1869 2792 1911 vs.
2847 1846 2964 1909 44:

1038 1954 1181 2033 ὑπὲρ
1234 1954 1559 2030 εὐσεβείας
1610 1950 1706 2016 οὖν
1756 1953 1918 2033 ἄφες
1968 1961 2208 2019 παῦσαι
2258 1956 2488 2031 λέγων,

592 2063 819 2129 Cora‘es
864 2062 1117 2146 scripsit
1164 2053 1207 2123 ἑὲ
1254 2066 1416 2144 φής,
1459 2060 1794 2125 Jacobsius
1835 2062 2058 2139 ἀφείς.
2099 2062 2268 2145 quod
2309 2062 2669 2125 Meinekius
2695 2063 2960 2143 recepit:

592 2173 885 2255 equidem
957 2169 1033 2232 de
1096 2166 1397 2231 adverbio
1462 2164 1651 2234 ἅλις
1711 2169 2085 2252 cogitaram.
2149 2168 2269 2231 Sed
2334 2168 2473 2232 leve
2521 2169 2635 2231 hoc
2683 2174 2776 2231 est
2819 2186 2964 2249 prae

593 2278 863 2341 immani
910 2278 1071 2339 vitio
1117 2277 1185 2336 in
1231 2272 1493 2357 Crobyli
1542 2274 1898 2358 fragmento
1947 2294 2005 2357 p.
2059 2274 2223 2336 566:

957 2380 1025 2443 τὸ
1073 2380 1199 2456 γὰρ
1248 2379 1582 2459 ἐνδελεχῶς
1633 2376 1890 2451 μεθύειν
1937 2382 2050 2442 τίν’
2101 2380 2303 2453 ἡδονὴν
2351 2382 2524 2463 ἔχει,

956 2488 1371 2564 οέποςεροῦντα
1419 2484 1623 2565 ζῶνθ’
1670 2484 1886 2549 ἑαυτὸν
1932 2490 2036 2547 τοῦ
2087 2494 2356 2566 φρονεῖν,

954 2590 981 2656 ὃ
1029 2596 1285 2671 μέγιςον
1333 2596 1499 2668 ἡμῶν
1547 2591 1798 2670 ἀγαθὸν
1846 2592 2030 2671 ἔσχεν
2079 2595 2112 2666 ἦ
2157 2595 2346 2672 φύσις
2363 2615 2378 2671 ;

594 2689 801 2782 Quam
872 2700 1217 2766 absurdum
1290 2699 1394 2763 hic
1459 2707 1555 2762 est
1612 2700 2022 2783 participium
2090 2697 2320 2776 ζῶνταῐ
2387 2701 2599 2765 Habet
2642 2701 2710 2764 id
2757 2707 2970 2764 tamen

590 2808 958 2873 Athenaeus
1022 2807 1268 2870 duobus
1330 2805 1519 2882 locis,
1583 2806 1814 2889 quibus
1877 2805 1994 2869 hoc
2040 2805 2474 2892 fragmentum
2525 2807 2846 2882 laudavit,
2899 2815 2970 2870 ut

595 2923 891 2998 appareat
962 2932 1109 2977 eum
1170 2915 1235 2975 in
1298 2909 1527 2975 Codice
1590 2931 1704 2974 suo
1765 2911 1883 2974 hoc
1946 2915 2158 2994 ipsum
2225 2916 2536 2976 invenisse
2583 2911 2817 2992 ζῶντα,
2862 2914 2969 2978 sed

594 3023 750 3084 satis
810 3020 1138 3094 novimus,
1203 3038 1351 3081 eum
1412 3037 1593 3100 saepe
1656 3021 1965 3100 corruptis
2020 3017 2327 3081 librorum
2379 3040 2636 3083 suorum
2684 3018 2972 3084 lectioni·

593 3127 713 3191 bus
779 3126 1112 3211 deceptum
1180 3125 1394 3188 fuisse.
1488 3123 1616 3188 Hic
1688 3132 1854 3188 certe
1921 3126 2188 3188 minime
2257 3126 2552 3198 dubium,
2637 3129 2788 3210 quin
2859 3147 2970 3190 ve-

596 3253 742 3298 rum
790 3235 908 3297 sit:

1047 3337 1441 3418 οὶποςεροῦνέΥ
1491 3335 1752 3404 ἑκόνθ’
1799 3339 2012 3403 ἑαυτὸν
2061 3345 2164 3404 τοῦ
2212 3347 2468 3420 Φρονεῒν.

590 3445 733 3512 Ηοο
779 3451 875 3512 est
920 3444 1407 3522 stultissimum,
1460 3447 1623 3530 quod
1670 3447 1884 3510 ebrius
1930 3463 2127 3528 sponte
2173 3449 2428 3512 insanit.

684 3657 1037 3724 Parvulum
1102 3665 1193 3724 est
1258 3661 1527 3733 vitium,
1594 3660 1702 3722 sed
1761 3680 1956 3744 grave
2004 3661 2348 3724 sententiae
2396 3659 2850 3724 detrimentum
2898 3657 2960 3722 in

593 3762 844 3828 Nicolai
903 3765 1261 3851 fragmento
1305 3787 1365 3850 p.
1420 3764 1569 3831 579.
1620 3765 1948 3828 Parasitus
1995 3767 2088 3828 ibi
2135 3767 2456 3830 hominem
2509 3770 2661 3830 artis
2708 3768 2966 3850 imperi-

598 3875 733 3935 tum
785 3870 1187 3954 dehortatur,
1234 3893 1312 3936 ne
1360 3875 1649 3936 animum
1699 3873 1780 3935 ad
1827 3870 2275 3935 difficillimam
2325 3895 2458 3938 rem
2509 3874 2815 3958 applicet:

1251 3977 1375 4041 ἀπὸ
1424 3981 1597 4042 τίνων
1646 3979 1976 4054 δογμάτων
2025 3978 2358 4056 ὁρμώμενος

1051 4091 1294 4164 τολμᾷς
1342 4091 1735 4160 παρασιτεῒνς
1791 4076 1833 4147 ἃ
1881 4083 2060 4160 μόλις
2109 4089 2288 4162 ἡμεῖς
2337 4089 2434 4150 τὸν
2483 4087 2616 4163 βίον

1053 4189 1311 4256 ἅπαντα
1360 4191 1862 4270 κατατρίψαντες
1909 4192 2040 4254 οὐδὲ
2089 4197 2190 4254 νῦν
2237 4192 2323 4256 ἔτι

1052 4295 1440 4376 ἀνεῳγμένην
1485 4294 1811 4372 δυνάμεθα
1861 4300 1970 4370 τὴν
2015 4295 2211 4370 θύραν
2259 4299 2422 4362 ἰδεῖν.

600 4407 917 4480 Emendssss
969 4407 1031 4470 εἷ
1080 4407 1285 4486 μόλις.
1340 4402 1533 4488 Apud
1580 4403 1908 4468 Xenonem
1958 4426 2018 4488 p.
2072 4403 2236 4468 596:
