3369 5142
1409 346 1783 409 ATAKTA.
2651 338 2785 410 403

501 525 639 596 Scis
698 534 853 616 quot
912 550 1227 617 quamque
1285 532 1519 617 ineptis
1580 530 1981 598 emblematis
2025 528 2314 598 Midiana
2358 530 2610 616 oppleta
2657 532 2778 616 sit3

413 637 539 702 duo
597 636 888 723 exempla
945 660 1145 723 nuper
1206 640 1373 704 mihi
1427 637 1639 705 oblata
1687 645 1854 704 eunt.
1902 638 2064 726 Pag.
2113 636 2264 704 533.
2316 642 2781 719 παραιτήσομαι

414 741 468 807 δ’
530 742 693 822 ὑμᾶς
757 743 944 822 μηδὲν
996 745 1375 826 ἀχθεσθῆναί
1420 768 1559 823 μοι,
1609 745 1719 810 ἐὰν
1765 744 1866 809 ε’πὶ
1916 750 2266 826 συμφοραῖς
2314 752 2484 809 τινῶν
2532 741 2786 822 γεγονό-

412 873 529 914 των
578 848 829 929 ὀνόματι
877 851 1136 929 μνησθῶ.
1185 850 1556 917 Schaeferus
1598 853 1869 917 coniecit
1931 852 2032 917 ἐπὶ
2078 855 2437 935 συμφορᾶς,
2483 850 2788 934 docetque

414 956 515 1021 ἐπὶ
587 960 913 1039 συμφορᾶς
977 956 1298 1036 γεγονέναι
1367 958 1540 1023 idem
1609 978 1742 1024 esee
1798 958 1966 1043 quod
2029 964 2377 1041 συμφοραῖς
2427 957 2786 1038 κεχρῆσθαι.

412 1060 709 1128 Somnia!
780 1062 1222 1149 expellendum
1294 1068 1389 1129 est
1456 1062 1820 1143 γεγονότων.
1893 1062 2126 1130 Sensus
2191 1069 2288 1129 est
2350 1065 2460 1141 „ei
2504 1063 2660 1128 dum
2708 1061 2786 1127 de

411 1170 641 1254 ἀτιμίᾳ
696 1170 917 1257 loquor
982 1170 1286 1255 quosdam
1352 1170 1824 1239 nominavero.”
1896 1170 2060 1255 (scil.
2129 1175 2246 1235 τῶν
2315 1168 2783 1253 ἀτιμωθὲν-των).

410 1276 567 1343 Mox
614 1278 669 1341 si
712 1284 825 1351 τῆς
872 1277 1193 1354 εὐσεβείας
1240 1275 1600 1354 sustuleriS,
1653 1274 1804 1365 (non
1850 1277 2024 1342 enim
2073 1276 2152 1342 de
2198 1275 2506 1363 religione
2553 1273 2662 1339 sed
2707 1273 2787 1338 de

409 1383 895 1448 mansuetudine
958 1383 1197 1470 agitur)
1264 1387 1509 1449 caetera
1553 1384 1719 1448 mihi
1767 1382 2022 1468 quidem
2070 1382 2404 1447 sanissima
2447 1381 2748 1447 videntur
2765 1425 2783 1457 ,

408 1491 541 1555 imo
584 1494 866 1554 τοσοῦτον
911 1488 981 1553 τὸ
1028 1490 1497 1569 συγκεχωρηκὸς
1550 1489 2038 1555 Atheniensium
2077 1491 2322 1554 animos
2359 1486 2786 1573 pulcherrime

407 1598 853 1680 repraesentat.

502 1822 662 1911 Pag.
712 1822 867 1891 552.
920 1826 1024 1890 οὐκ
1070 1826 1504 1903 ὦποκτενεῖτες
1553 1827 1660 1892 οὐκ
1711 1826 1810 1891 ἐπὶ
1860 1828 1968 1901 την
2015 1824 2208 1890 οἷκίαν
2245 1823 2597 1903 βαδιεῖσθες
2641 1820 2780 1904 οὐχὶ

414 1930 843 2016 συλλήψεσθες
916 1929 1155 2009 „Vide”
1225 1932 1316 1998 ait
1370 1932 1806 1997 Buttmannus
1866 1934 2077 1997 minor
2143 1982 2172 2015 „
2194 1936 2511 1996 commoto
2574 1931 2786 1995 animo

412 2036 777 2121 loquentem
794 2085 812 2122 ,
877 2039 990 2125 qui
1049 2039 1342 2127 negligat
1400 2060 1615 2104 rerum
1668 2037 1955 2103 ordinem
2001 2036 2416 2103 naturalem.”
2461 2034 2588 2101 Sed
2631 2037 2788 2101 haec

414 2148 582 2208 certe
638 2142 879 2221 βουλή,
945 2163 1137 2228 quam
1188 2144 1427 2211 Midiae
1472 2144 1821 2230 alloquitur
1837 2193 1856 2227 ,
1903 2144 2229 2209 neminem
2277 2136 2556 2209 occidere
2601 2145 2781 2227 pote—

412 2254 531 2313 rat.
603 2246 761 2317 Dele
807 2252 913 2315 οὐκ
957 2254 1355 2317 ἀποκτενεῖτε
1371 2271 1390 2329 3

504 2488 579 2555 In
639 2488 929 2580 Thucyd.
991 2492 1065 2557 L.
1115 2490 1179 2557 2.
1229 2512 1282 2557 c.
1333 2490 1442 2560 37.
1487 2491 1675 2558 hodie
1720 2490 2014 2569 mallem,
2065 2491 2170 2557 καὶ
2220 2493 2278 2564 ἐς
2317 2492 2429 2565 τὴν
2473 2493 2618 2574 πρὸς
2667 2494 2782 2559 ὦλ-

412 2597 635 2672 λήλους
696 2604 814 2663 τῶν
866 2596 1003 2664 καθ’
1065 2599 1292 2678 ἡμέραν
1340 2597 1842 2678 ἐπιτηδευμάτων
1888 2599 2338 2680 ἈΝυποψίαν,
2383 2603 2448 2663 et
2492 2619 2676 2683 mox,
2717 2601 2783 2665 οὖ

414 2702 517 2769 διὰ
563 2703 688 2778 δέος
735 2705 984 2781 μέλις-α
1022 2706 1087 2770 οὖ
1135 2709 1633 2786 παρανομοῦμεν.

504 2809 581 2876 111
648 2809 795 2876 libr.
856 2811 917 2876 3.
966 2832 1024 2877 c.
1086 2810 1195 2877 22.
1242 2811 1415 2899 Lege
1460 2806 1530 2889 ἓξ
1573 2811 1678 2892 ἐφ’
1725 2809 2009 2890 ἐκατέρου
2056 2809 2222 2892 (scil.
2268 2810 2602 2895 κλίμακος)
2647 2807 2784 2874 οἰνέ-

415 2915 647 2994 βαινον.
707 2915 1185 2984 Grammaticus
1236 2917 1482 2984 addidit
1537 2923 1653 2981 τῶν
1711 2917 1962 2998 πύργων
2009 2922 2074 2983 et
2121 2914 2402 2996 ἑκάτερον
2450 2915 2630 2981 dedit
2673 2935 2787 3001 pro

416 3022 715 3100 ἑκατέρου.
786 3024 1102 3109 Perquam
1167 3026 1415 3109 inepte.
1484 3043 1635 3090 nam
1700 3022 1780 3089 ad
1837 3044 2042 3090 unum
2103 3023 2528 3103 μεταπύργιον
2586 3024 2786 3087 scalae

407 3127 699 3196 admotae
743 3135 941 3215 erant.

506 3372 583 3438 In
644 3373 733 3440 20
792 3374 1064 3440 libenter
1121 3374 1389 3463 legerim
1411 3423 1430 3452 ,
1480 3372 1519 3456 ᾖ
1563 3327 1755 3454 ἔτυχε
1801 3374 1949 3453 πρὸς
1997 3377 2173 3455 σφᾶς
2233 3373 2394 3458 [οὐκ]
2445 3370 2786 3449 ἐξαληλιμρ

419 3479 594 3557 μένον
640 3483 709 3545 τὸ
755 3488 969 3563 τεῖχος
1018 3481 1294 3567 [adv-5111.

508 3703 799 3792 Thucyd.
868 3705 947 3771 Π.
1020 3705 1125 3771 42.
1186 3725 1301 3793 pro
1359 3705 1713 3783 ἐκόσμησαν
1757 3705 1900 3794 lege
1945 3705 2384 3783 ἐκοσμήθησαν.
2435 3704 2781 3772 Civitatem

413 3811 728 3878 laudando
771 3813 1043 3879 virtutes
1085 3815 1392 3879 bonorum
1439 3814 1680 3879 civium
1726 3811 2049 3890 laudavit3
2091 3832 2238 3877 nam
2281 3811 2557 3878 ostendit
2593 3831 2786 3897 quam

416 3918 658 3996 εὕλογοι
718 3917 955 3984 fuerint
1010 3921 1121 4006 qui
1176 3921 1256 3984 ob
1300 3925 1432 3986 tam
1476 3919 1862 4006 praeclaram
1904 3920 2180 4004 patriam
2225 3923 2585 4006 pugnantes
2630 3917 2788 3983 occi-

416 4024 644 4090 derint.

504 4129 726 4215 Itaque
782 4131 1152 4219 subiungit,
1208 4131 1313 4196 καὶ
1362 4133 1467 4199 οὐκ
1512 4155 1591 4196 αν
1639 4133 1700 4196 ἐν
1746 4138 1997 4204 πολλοῖς
2043 4131 2159 4200 τῶν
2208 4131 2517 4206 Ελληνων
2571 4127 2788 4212 ἰσόρρο-

417 4259 527 4308 πος
583 4234 807 4324 [ωσπερ
847 4238 1054 4323 τῶνδε]
1105 4239 1133 4302 ὃ
1183 4237 1364 4317 λόγος
1412 4243 1529 4304 τῶν
1578 4235 1766 4320 ἔργων
1810 4237 2058 4321 Φανείη.

506 4463 665 4531 Ibid.
730 4463 885 4548 ἔργῳ
947 4466 1010 4531 δὲ
1072 4465 1205 4547 περ)
1267 4469 1373 4531 τοῦ
1435 4463 1544 4541 ἤδη
1604 4465 1892 4548 ὁρωμένου
1956 4465 2168 4550 σφίσιν
2217 4466 2426 4539 αὐτοῖς
2473 4464 2784 4544 ἀξιοῦντες
