3369 5142
567 314 702 390 120
1543 341 1965 391 mucYnmRs.

567 514 701 580 ἰδὼν
749 514 858 590 ἤδη
905 510 1118 577 πολλοὶ
1165 537 1233 577 τε
1285 512 1389 577 καὶ
1440 514 1711 591 μεγάλα
1759 513 2035 579 πεσόντα
2084 514 2442 592 πρήγματα
2490 512 2607 579 ὑπὸ
2665 509 2950 587 ἡσσόνων.

566 619 972 707 Thucydides
995 668 1011 695 ,
1085 622 1195 703 qui
1263 618 1664 685 Herodotum
1732 619 1880 685 vult
1950 626 2353 687 contemnere
2422 620 2627 687 videri
2651 670 2665 696 ,
2726 624 2791 685 et
2856 640 2957 685 res

568 725 808 792 multas
853 733 918 791 et
965 724 1204 789 multas
1250 725 1500 790 dicendi
1545 726 1783 793 formas
1831 725 1911 791 ab
1960 746 2032 791 eo
2080 727 2335 793 sumsit.

663 939 954 1026 Thucyd.
1002 936 1083 1002 Π.
1134 935 1244 1002 89.
1294 935 1356 1001 9.
1405 937 1579 1014 ὑμεῖς
1627 937 1692 1001 δὲ
1742 938 1913 1019 παρὰ
1956 945 2099 1011 ταῖς
2140 937 2314 1003 ναυσὶ
2356 937 2639 1015 μένοντες
2676 937 2760 1002 τὰ
2804 960 2961 1015 παρ-

571 1043 1026 1123 αγγελλόμενα
1089 1041 1264 1119 ὀξέως
1329 1042 1607 1125 δέχεσθε.
1702 1042 1899 1109 Recte
1945 1051 2165 1109 monet
2210 1044 2597 1110 Herwerden
2652 1042 2958 1127 „Phormi-

572 1174 736 1215 onem
795 1174 934 1214 suos
994 1148 1226 1213 hortari
1284 1150 1354 1212 in
1402 1149 1602 1214 terra?
1645 1154 1721 1213 ut
1768 1156 2027 1236 apparet
2071 1172 2149 1215 ex
2200 1148 2308 1215 90.
2360 1149 2423 1215 3.
2478 1150 2649 1214 κατὰ
2696 1150 2959 1224 σπουδὴν

573 1254 949 1335 ἐμβιβάσας
1013 1254 1192 1321 ἔπλει
1242 1255 1414 1333 παρὰ
1461 1258 1568 1329 τὴν
1618 1263 1760 1333 γῆν.
1848 1259 2131 1341 Apparet
2178 1257 2375 1322 etiam
2423 1278 2499 1321 ex
2547 1277 2681 1341 cap.
2734 1254 2845 1320 88.
2898 1252 2956 1319 1.

575 1362 646 1427 τὸ
707 1364 936 1437 πλῆθος
998 1366 1114 1425 τῶν
1177 1366 1317 1425 νεῶν
1379 1360 1550 1424 κατὰ
1610 1364 1787 1441 σφοῖς
1850 1362 2075 1434 αὐτοὺς
2132 1359 2517 1439 ξυνιςοὶμενοι
2582 1362 2958 1445 ἐφοβοῦντο,

573 1488 700 1533 non
760 1473 1052 1553 poterant
1112 1468 1282 1531 enim
1344 1463 1704 1541 ξυνίςασθαι
1768 1472 1879 1531 aut
1928 1468 2097 1533 κατα
2142 1465 2433 1542 'ivs-dom
2480 1470 2648 1534 inter
2695 1488 2763 1533 se
2812 1486 2961 1533 con·

575 1573 850 1640 fabulari
893 1574 1022 1637 nisi
1064 1574 1132 1636 in
1182 1577 1347 1637 terra
1393 1579 1505 1637 aut
1549 1574 1617 1636 in
1664 1573 1799 1638 foro
1844 1577 1959 1637 aut
2000 1575 2071 1637 in
2116 1582 2323 1658 portu.

667 1678 886 1745 Etiam
942 1678 1346 1756 ξυγκαλέσας
1409 1678 1580 1743 idem
1644 1677 1956 1744 declarat:
2020 1699 2145 1745 non
2205 1685 2454 1765 poterat
2498 1680 2672 1745 enim
2719 1678 2963 1745 milites

575 1785 848 1851 navibus
909 1786 1242 1870 impositos
1302 1787 1369 1849 in
1427 1786 1680 1850 concion
1690 1807 1794 1850 em
1842 1804 2201 1851 convocare.
2296 1785 2471 1851 Hinc
2517 1787 2723 1873 igitur
2768 1786 2967 1852 Phor-

577 1895 712 1957 mio
774 1892 975 1957 dixit:
1037 1890 1208 1971 παρὰ
1273 1898 1416 1962 ταῖς
1463 1889 1637 1955 ναυσὶ
1683 1890 1969 1969 μένοντες
2014 1890 2102 1955 τὰ
2148 1890 2740 1971 παραγγελλόμενα
2786 1889 2965 1968 ὀξέως

585 1996 862 2076 δέχεσθε.

673 2209 966 2297 Thucyd.
1013 2207 1096 2273 II.
1147 2206 1256 2273 91.
1305 2205 1831 2288 παρεσκευάζοντο
1880 2210 2010 2297 (ὥς)
2055 2209 2477 2288 ἀμυνούμενοι.
2578 2211 2760 2291 Quod
2807 2212 2969 2277 Her-

582 2318 833 2384 werden
892 2318 1162 2381 inseruit
1220 2317 1295 2386 ὦς
1351 2313 1520 2399 apud
1567 2314 1726 2379 alios
1772 2316 2198 2381 necessarium
2243 2321 2339 2381 est
2359 2366 2376 2401 ,
2426 2317 2593 2402 apud
2642 2316 2968 2405 Thucydi-

585 2424 732 2490 dem
791 2442 916 2490 non
976 2426 1110 2496 est,
1159 2422 1270 2505 qui
1315 2421 1566 2506 saepius
1613 2422 1691 2492 ὣς
1737 2422 1805 2485 in
1850 2418 2089 2486 talibus
2135 2422 2421 2507 omittit,
2471 2424 2677 2489 veluti
2726 2421 2807 2487 ΙΙ.
2862 2422 2971 2488 18.

585 2529 939 2612 προσβολὰς
1001 2526 1526 2608 παρεσκευάζοντο
1587 2531 1671 2610 τῷ
1737 2526 1938 2610 τείχει
2002 2528 2402 2607 ποιησόμενοι.
2472 2534 2536 2595 et
2592 2528 2698 2595 VI.
2755 2528 2862 2596 54.
2912 2529 2971 2594 ἐν

583 2634 782 2717 τρόπῳ
829 2635 892 2700 δέ
940 2659 1056 2700 τινι
1104 2635 1347 2715 ἀφανεῖ
1386 2634 1883 2715 παρεσκευάζετο
1932 2642 2362 2714 προπηλακιῶν
2416 2634 2638 2713 αὐτόν,
2679 2641 2747 2703 et
2782 2635 2859 2702 V.
2906 2633 2967 2700 8.

585 2740 1079 2824 παρεσκευάζετο
1129 2738 1594 2817 ἐπιθησόμενος,
1646 2746 1713 2805 et
1758 2739 1901 2805 aliis
1948 2738 2126 2805 locis·

676 2952 967 3039 Thucyd.
1017 2952 1106 3018 II.
1157 2951 1261 3017 91.
1315 2950 1377 3016 4.
1427 2953 1492 3016 αἱ
1527 2950 1655 3039 ,μέν
1702 2975 1861 3024 τινες
1907 2957 2024 3017 τῶν
2071 2959 2213 3018 νεῶν
2260 2955 2543 3020 καθεῖσαι
2591 2955 2709 3028 τὰς
2752 2957 2963 3028 κώπας

585 3057 895 3134 ἕπέςησαν
955 3064 1061 3123 τοῦ
1110 3062 1271 3123 πλοῦ
1320 3056 1678 3141 ἀξύμφορον
1724 3061 1973 3138 δρῶντες
2022 3058 2168 3138 πρὸς
2214 3062 2325 3134 τὴν
2372 3059 2443 3136 ἐξ
2489 3061 2701 3140 ὀλίγον
2751 3060 2972 3140 ἀντεξ-

585 3165 845 3263 dmum!
895 3164 1254 3242 βουλόμενοι
1316 3164 1434 3236 τὰς
1492 3165 1742 3237 πλείους
1791 3174 2177 3243 περιμεῖναι,
2229 3175 2315 3231 ΑΙ
2357 3167 2419 3232 δὲ
2462 3167 2565 3232 καὶ
2610 3169 2669 3240 ἐς
2710 3167 2969 3249 βράχεα

582 3272 836 3355 οὶπειρίᾳ
893 3269 1126 3352 χωρίων
1187 3270 1468 3337 ὥκειλαν.
1559 3271 1705 3336 Nisi
1766 3291 1879 3356 pro
1936 3273 2003 3335 αἱ
2052 3271 2115 3336 δέ
2162 3275 2515 3357 reposueris
2564 3272 2613 3340 οἱ
2660 3276 2757 3354 δέ,
2808 3276 2973 3360 ipsae

583 3399 776 3446 naves
823 3378 1112 3444 dicentur
1159 3398 1293 3444 esse
1339 3375 1570 3456 ἄπειροι
1619 3383 1737 3442 τῶν
1784 3377 2040 3459 χωρίων.

676 3588 968 3673 Thucyd.
1015 3586 1106 3652 II.
1157 3586 1263 3653 92.
1317 3588 1378 3654 4.
1427 3591 1478 3654 οἱ
1521 3589 1827 3663 Ἀθηναῖοι
1867 3599 2153 3670 τροπαῖον
2196 3589 2443 3665 ἔςησαν.
2476 3633 2557 3644 -
2584 3595 2962 3664 οὶπέδοσΑΝ.

577 3700 860 3769 ”equom
931 3693 994 3759 δὲ
1057 3693 1162 3757 καὶ
1227 3696 1278 3758 οἱ
1341 3697 1808 3772 Πελοποννήσιοι
1871 3704 2171 3776 τροπαῖον.
2270 3697 2716 3786 Thucydides,
2782 3706 2968 3769 utin

585 3800 705 3868 tali
749 3821 816 3864 re
861 3797 1060 3884 solet,
1107 3801 1467 3884 scripserat:
1523 3801 2005 3876 ἈΝΤΕς-ησαν.
2056 3801 2161 3867 IV.
2221 3803 2371 3870 134.
2420 3807 2472 3870 οἱ
2520 3809 2849 3883 Τεγεᾶται
2878 3847 2961 3858 -

587 3906 761 3977 εὐθὺς
809 3903 1036 3979 ἔςησαν
1081 3913 1410 3985 τροπαῖον,
1459 3915 1777 3982 Μαντινῆς
1828 3907 1891 3974 δὲ
1940 3946 2023 3957 -
2075 3905 2277 3990 ὕςερον
2326 3910 2716 3992 οἷντέςησαν,
2768 3921 2833 3981 et
2880 3918 2969 3980 sic

587 4010 926 4099 permultis
971 4009 1116 4077 aliis
1159 4009 1337 4077 locis.

675 4181 964 4308 Thucyd.
1012 4218 1095 4285 ΙΙ.
1145 4217 1253 4284 92.
1305 4219 1367 4285 6.
1414 4220 1788 4302 φοβούμενοι
1834 4222 1945 4295 τὴν
1984 4223 2110 4290 ἀπὸ
2146 4229 2262 4290 τῶν
2299 4226 2633 4301 Ἀθηναίων
2656 4223 2968 4305 βοήθειαν.

579 4329 898 4397 Emendat
963 4327 1089 4392 ἀπὸ
1151 4330 1268 4392 τῶν
1331 4328 1610 4402 Ἀθηνῶν.
1710 4328 1961 4394 Vitium
2020 4351 2203 4417 saepe
2260 4338 2613 4398 correctum
2676 4334 2779 4402 hic
2824 4336 2962 4403 illic

578 4437 966 4504 criticorum
1030 4435 1246 4502 oculos
1289 4433 1478 4522 fugit.
1530 4436 1605 4500 cf.
1655 4435 1738 4502 ΙΙ.
1789 4435 1893 4501 15.
1949 4433 2011 4501 4.
2064 4439 2115 4503 οἱ
2162 4435 2283 4502 ἀπ’
2337 4439 2671 4514 Ἀθηναίων
2712 4444 2959 4520 Ἴωνες,
