3369 5142
1346 332 1730 390 comcomm.
2613 316 2742 387 419

358 514 759 583 Athenaeum
824 512 1105 581 aliumve
1170 513 1431 579 doctum
1498 510 1803 577 lectorem
1823 559 1840 589 ‚
1912 514 2098 577 cuius
2162 510 2520 576 observatio
2585 509 2746 575 forte

358 621 613 687 fortuna
666 622 857 685 metri
919 622 1195 705 speciem
1252 619 1459 685 habet.
1556 616 1706 683 Scio
1753 617 2009 702 quidem
2059 615 2588 683 Valckenaerium
2639 636 2745 679 ex-

360 729 649 793 istimare
706 726 1126 793 Menandrum
1189 724 1576 791 locutionem
1643 724 1724 789 ab
1783 722 2088 809 Euripide
2151 727 2524 789 mutuatum
2574 740 2710 786 esse
2727 768 2744 797 ,

362 835 475 919 qui
518 835 611 899 ita
657 833 891 899 dixerit
937 830 1195 917 Hippol.
1254 828 1421 895 385:

726 936 905 1010 αἰδώς
952 959 1055 1001 τε·
1105 935 1309 1000 δισσαὶ
1358 936 1416 1000 δ’
1467 934 1651 1000 εἰσίν·
1705 936 1738 1008 ἦ
1787 936 1900 1013 μὲν
1948 936 2014 1000 οὐ
2064 936 2268 1012 κακή,

729 1046 764 1120 ἦ
812 1042 863 1109 δ’
911 1040 1120 1125 ἄχθος
1169 1040 1376 1108 οἴκων·
1426 1042 1477 1105 εἰ
1534 1042 1584 1106 δ’
1632 1041 1660 1105 ὁ
1709 1040 1914 1121 καιρὸς
1961 1037 2028 1115 ἦν
2075 1042 2328 1125 σαφής,

729 1152 835 1215 οὐκ
880 1150 958 1217 ἂν
1004 1150 1097 1215 δύ’
1144 1147 1291 1223 ἤςην
1340 1145 1526 1213 ταῦτ’
1574 1144 1794 1229 ἔχοντε
1843 1146 2258 1229 γράμματα.,

362 1257 475 1323 sed
519 1257 815 1342 equidem
862 1257 1295 1322 imitationem
1344 1254 1452 1320 hic
1498 1274 1623 1319 non
1662 1274 1934 1342 agnosco
1973 1260 2039 1319 et
2077 1253 2456 1338 Menander,
2496 1255 2752 1319 etiamsi

364 1362 482 1429 illa
523 1365 843 1449 scripserit
864 1410 881 1441 ,
934 1383 1093 1448 quae
1140 1362 1219 1427 ab
1262 1380 1339 1449 eo
1380 1360 1889 1447 abjudicavimus
1911 1410 1928 1443 ‚
1967 1352 2260 1427 habebat
2284 1362 2440 1425 satis
2479 1359 2750 1425 divitem

365 1490 595 1536 venam
612 1518 633 1555 ,
680 1474 755 1535 ut
790 1488 905 1533 suo
944 1467 1155 1533 Marte
1192 1469 1329 1533 sine
1369 1462 1806 1552 Cephisophon
1815 1478 1878 1531 te
1902 1465 2174 1551 quodam
2203 1464 2748 1551 simplicissimam

363 1580 741 1643 sententiam
805 1581 1009 1640 metro
1064 1572 1439 1639 includeret.
1504 1572 1674 1637 Illud
1737 1572 2085 1638 videndum
2105 1618 2124 1649 ,
2173 1594 2332 1637 num
2374 1572 2536 1637 forte
2583 1571 2750 1658 apud

366 1683 743 1769 Euripidem
794 1679 1141 1768 legendum
1188 1682 1305 1753 sit,
1357 1678 1523 1763 quod
1565 1677 1731 1743 mihi
1777 1677 2132 1763 perplacet:
2181 1681 2290 1743 οὐκ
2339 1676 2413 1743 ἂν
2463 1677 2558 1743 δύ’
2603 1680 2750 1755 ἥςην

366 1790 577 1853 ταῦτα
648 1788 717 1866 γ’
790 1786 971 1851 ὅντε
1044 1785 1445 1865 γράμματα.
1522 1806 1671 1849 nam
1744 1784 2108 1864 γράμματα
2180 1781 2349 1865 ἔχειν
2417 1791 2482 1851 et
2541 1784 2754 1849 ταύτὰ

370 1896 738 1977 γράμματα
811 1893 981 1975 ἔχειν
1050 1894 1209 1958 mire
1270 1891 1516 1956 dictum
1580 1895 1676 1956 est
1738 1897 1802 1955 et
1861 1888 2178 1976 particula
2232 1915 2312 1968 γε
2361 1910 2548 1979 aegre
2595 1892 2758 1957 desi·-

374 2001 650 2069 deratur.

464 2215 539 2281 P.
598 2213 723 2281 196
775 2214 1116 2300 supplebo:

693 2322 759 2387 οὖ
812 2325 1151 2401 πανταχοῦ
1200 2320 1270 2387 τὸ
1316 2318 1607 2401 φρόνιμον
1654 2318 1949 2398 ἁρμόττει
1999 2316 2222 2403 παρόν,

697 2427 801 2493 καὶ
850 2433 1251 2505 συμμανῆναι
1296 2426 1351 2491 δ’
1402 2424 1529 2491 ἔνια
1578 2427 1675 2491 δεῖ
1715 2425 1881 2513 (τὸν
1927 2426 2372 2511 σώφρονα).,

372 2556 522 2602 nam
568 2533 761 2601 dulce
810 2539 909 2600 est
954 2533 1237 2620 desipere
1282 2536 1350 2598 in
1398 2532 1553 2599 loco,
1632 2530 1934 2618 Sequitur
1978 2552 2043 2619 p.
2095 2530 2256 2602 197:

834 2641 862 2704 ὃ
911 2641 999 2718 μὴ
1051 2639 1383 2720 δεχόμενος
1433 2645 1550 2704 τῶν
1598 2639 1740 2703 θεῶν
1784 2639 1854 2704 τὸ
1903 2637 2214 2722 σύμφορον

828 2745 1035 2827 αὐτῷ
1084 2745 1357 2811 διδόντων
1404 2739 1581 2810 ἕνεκα
1627 2749 1737 2809 τοῦ
1785 2743 1930 2829 ζῆν,
1975 2745 2277 2822 βούλεται

828 2847 999 2925 οὗτος
1048 2854 1349 2932 ἀτυχεῖν·
1399 2852 1506 2916 ἐὰν
1555 2851 1618 2915 δὲ
1666 2854 1756 2928 μὴ
1803 2847 1946 2923 θεὸς
1994 2851 2167 2934 διδῷ,

828 2962 934 3024 τοῦ
990 2957 1081 3034 μὶ]
1128 2957 1426 3041 διδόντος,
1477 2957 1543 3022 οὐ
1588 2956 1810 3038 τρόπου
1854 2958 1968 3021 ’σθ’
2011 2958 2352 3043 οὶριαρτία.,

375 3067 486 3132 ubi
531 3091 573 3132 α
596 3067 792 3130 ὐτῶν
838 3063 1123 3130 multum
1172 3063 1474 3150 praefero,
1540 3061 1666 3152 Pg.
1727 3061 1854 3128 199
1904 3066 2138 3130 rectius
2184 3085 2380 3148 quam
2427 3085 2466 3131 a
2509 3065 2756 3133 Meine-

373 3173 484 3238 kio
528 3172 767 3238 factum
818 3178 950 3249 est,
999 3191 1259 3238 versum
1307 3170 1401 3237 ita
1448 3173 1828 3236 constitues:

1374 3277 1403 3340 ό
1449 3276 1752 3356 μυόχοδος
1797 3273 1987 3356 γέρων

1052 3380 1389 3459 λεληθέναι
1436 3381 1650 3463 σφόδρ’
1699 3383 1983 3458 οἰόμενος.

373 3491 833 3580 Fragmentum
880 3495 977 3556 est
1022 3512 1083 3577 p.
1132 3488 1301 3567 203,
1350 3487 1521 3574 quod
1566 3490 1646 3554 ab
1693 3487 1936 3556 Cobeto
1981 3487 2228 3556 Mnem.
2278 3489 2364 3556 IV
2417 3493 2546 3558 120
2592 3496 2759 3562 inter

375 3597 532 3664 duas
577 3617 871 3683 personas
917 3597 1197 3664 divisum
1244 3595 1402 3661 fuit:

738 3703 831 3768 ἂν
876 3701 965 3768 ἔτι
1019 3711 1178 3769 πιεῖν
1221 3726 1325 3781 μοι
1374 3701 1467 3783 δῷ
1516 3723 1662 3773 τις.
1717 3712 1784 3767 Β.
1837 3704 1988 3766 ἀλλ’
2034 3705 2069 3779 ἦ
2118 3701 2439 3784 βάρβαρος

740 3805 885 3886 ἅμα
929 3817 1006 3890 τῇ
1046 3808 1321 3892 τραπέζῃ
1368 3808 1475 3873 καὶ
1518 3809 1622 3874 τὸν
1670 3804 1818 3874 οἶνον
1863 3807 2064 3890 ᾤχετο

373 4022 548 4103 Quae
593 4019 830 4087 mulier
872 4022 1045 4106 prior
1088 4019 1403 4106 loquitur,
1448 4020 1753 4107 poculum
1801 4029 2194 4109 poposcerat:
2243 4027 2288 4090 ἆ.
2304 4041 2344 4092 λ
2362 4029 2424 4092 λ’
2465 4025 2556 4093 ἔτι
2597 4037 2759 4094 πιεῖν

372 4127 567 4195 δότω
613 4151 737 4200 τις
758 4175 775 4206 ,
823 4147 975 4192 uam
1022 4129 1090 4192 iu
1138 4125 1255 4192 tali
1304 4131 1619 4194 sententia
1662 4145 1791 4194 nou
1840 4137 1936 4194 est
1986 4130 2162 4196 locus
2203 4133 2605 4219 conjunctivo
2642 4155 2757 4220 pro

372 4236 773 4320 imperativo.
869 4231 1105 4310 ’ΛμΙδα
1168 4233 1319 4298 δότω
1381 4257 1476 4305 τις
1539 4239 1605 4301 et
1666 4237 2034 4301 πλακοῦντά
2098 4261 2190 4310 τις
2239 4239 2388 4303 δότω
2437 4261 2515 4304 ex
2559 4241 2759 4307 Athe-

372 4360 525 4406 naeo
588 4347 738 4406 nota
796 4347 964 4405 sunt.
1065 4339 1239 4420 Quae
1303 4339 1529 4404 deinde
1586 4340 1885 4406 laudatur
1931 4342 2148 4409 fabula
2193 4341 2523 4410 Menandri
2569 4357 2758 4412 Συνε-

370 4453 532 4527 ρῶσα
554 4499 569 4521 ,
618 4449 755 4512 eius
802 4445 1036 4510 titulus
1084 4466 1291 4512 errore
1338 4448 1587 4512 nititur.
1682 4447 1824 4513 Non
1871 4450 2206 4533 scripserat
2251 4457 2713 4537 grammaticus
2733 4508 2749 4534 ,
