3369 5142
551 290 682 361 430
1550 314 1932 365 remanum

542 508 721 552 renes
784 492 852 551 in
914 488 1181 553 victima
1245 486 1613 565 deficerent,
1664 488 1826 553 alter
1871 486 2112 551 hoedus
2157 482 2535 550 immolatus
2583 486 2700 547 est.
2794 478 2920 545 Sed

549 595 701 680 quid
749 602 844 660 est
888 592 1108 667 καθεὶς
1160 594 1329 658 κάτω
1376 597 1484 668 τὴν
1522 602 1707 676 χεῖρα
1749 601 1858 668 τῆν
1905 596 2101 671 μίαν
2151 588 2450 657 amatim?
2492 587 2724 661 Καθεὶς
2755 588 2924 653 κάτω

546 704 657 776 τὴν
724 710 911 782 χεῖρα
984 701 1278 788 intelligo
1340 707 1405 766 et
1467 702 1591 765 fuit
1652 721 1890 786 coquus
1950 721 2074 765 non
2137 702 2353 763 minus
2413 696 2686 762 callidus
2730 714 2923 778 quam

548 808 1037 882 ἀλλαντοπώλης
1100 810 1165 872 111
1230 806 1434 872 81111111
1494 811 1752 894 negotio
1803 807 1972 892 apud
2020 805 2516 890 Aristophanem
2564 806 2634 867 iu
2681 801 2927 885 Equiti·

548 916 689 981 bus.
782 914 907 979 Sed
966 914 1279 980 diciturne
1344 916 1376 987 ἡ
1424 914 1543 988 μία
1591 916 1730 993 χείρ
1781 933 1892 997 pro
1939 915 1972 987 ἦ
2021 911 2198 991 ἑτέρα
2247 907 2428 991 χείρῗ
2479 908 2660 989 Quod
2708 926 2926 972 omnes

550 1021 923 1098 concedent,
964 1028 1335 1105 corruptum
1374 1026 1469 1084 est
1509 1022 1614 1093 τὴν
1658 1019 1811 1096 μίαν
1853 1019 2068 1083 λαθών.
2119 1018 2364 1083 Locum
2388 1022 2463 1081 ut
2485 1014 2926 1090 emendarem,

548 1126 996 1215 Phrynichum
1038 1126 1308 1210 contuli,
1358 1127 1467 1209 qui
1514 1130 1605 1190 ita
1652 1126 1875 1189 scribit
1921 1148 1984 1211 p.
2039 1125 2170 1191 300
2216 1124 2403 1191 Lob.:
2453 1123 2665 1187 Ψύα·
2715 1122 2766 1187 οἱ
2816 1121 2928 1197 μὲν

552 1236 771 1307 ἁπλῶς
837 1232 1298 1313 ἁμαρτάνοντες
1364 1234 1463 1297 διὰ
1528 1238 1633 1297 τοῦ
1698 1242 1786 1295 Τ·
1848 1234 1899 1296 οἱ
1965 1232 2027 1296 δὲ
2075 1234 2262 1313 διπλῇ
2319 1230 2776 1311 ἁμαρτάνοντες
2829 1226 2930 1290 διὰ

553 1346 660 1405 τοῦ
726 1351 847 1425 01,
917 1336 1031 1405 οἷον
1094 1341 1265 1421 ψοία.
1328 1338 1417 1407 ἔςι
1469 1340 1529 1404 δὲ
1576 1338 1646 1403 τὸ
1693 1338 1882 1417 ὄνομα
1930 1339 2087 1405 πολὺ
2137 1339 2445 1417 κίβδηλον.
2497 1338 2784 1417 νεφρὸν
2835 1332 2930 1399 οὖν

552 1448 729 1525 λέγε.
776 1518 781 1523 ,
821 1446 1044 1533 Itaque
1114 1446 1525 1513 dubitabatur
1594 1446 1672 1511 de
1739 1448 2014 1510 nominis
2085 1446 2324 1523 forma,
2391 1444 2556 1511 unde
2620 1443 2929 1508 Photius:

554 1554 719 1633 ψόας
784 1554 817 1629 ἢ
876 1556 1059 1633 ψοίας
1109 1556 1143 1629 ἢ
1192 1549 1311 1627 ὅπη
1358 1553 1481 1633 χρὴ
1532 1562 1748 1618 καλεῖν
1797 1555 1942 1633 παρ’
1990 1554 2176 1617 οὐδενὶ
2228 1560 2342 1617 τῶν
2383 1557 2685 1616 ’Λττικῶν
2734 1544 2931 1627 εὖρον·

556 1662 607 1726 οἱ
673 1660 736 1725 δὲ
794 1659 1053 1725 παλαιοὶ
1117 1660 1441 1738 γυμναςαὶ
1508 1658 1902 1725 ἀλώπεκα
1949 1660 2506 1739 προσαγορεύουσιν.
2607 1656 2928 1736 Quaenam

556 1770 832 1852 corporis
878 1788 1021 1853 pars
1062 1767 1181 1831 hoc
1227 1769 1483 1831 nomine
1530 1766 1961 1853 intelligatur,
2020 1765 2254 1831 Pollux
2315 1765 2577 1831 tradidit
2636 1762 2716 1828 11.
2767 1760 2930 1827 185:

556 1876 609 1939 οἱ
674 1874 725 1938 δ’
789 1871 1029 1939 ἔνδοθεν
1092 1875 1262 1939 κατὰ
1310 1874 1419 1946 τὴν
1466 1873 1663 1952 ὀσφὺν
1710 1874 1863 1950 μύες
1913 1878 2249 1939 καλοῦνται
2297 1874 2448 1952 ψόαι
2499 1871 2602 1935 καὶ
2652 1877 2933 1949 νευρομῆ·

557 2003 696 2061 τραι
761 1981 865 2045 καὶ
933 1981 1275 2053 ἀλώπεκες.
1343 1980 1663 2060 Κλέαρχος
1729 1978 1792 2043 δὲ
1851 1975 2036 2051 οὕτως
2087 1978 2364 2059 ὀνομάζει
2413 1977 2552 2051 τοὺς
2601 1976 2774 2041 κατὰ
2823 1982 2932 2049 τῆς

558 2086 798 2169 ῥάχεως
860 2092 1005 2164 μῦς.
1100 2086 1325 2171 Itaque
1387 2086 1620 2150 dixeris
1666 2105 1791 2149 non
1839 2106 2090 2171 prorsus
2137 2088 2470 2153 convenire
2517 2088 2683 2149 inter
2721 2083 2935 2147 doctos

557 2195 727 2258 viros
748 2242 765 2271 ‚
816 2213 977 2279 quae
1024 2191 1176 2271 ψόαι
1226 2194 1389 2269 81111,
1442 2212 1641 2275 quum
1689 2192 1799 2256 8111
1847 2189 2083 2257 ἔνδοθεν
2131 2197 2470 2277 quaerant,
2513 2190 2625 2255 alii
2669 2186 2932 2265 ἔξωθεν,

560 2299 670 2364 sed
733 2304 979 2363 constat
1038 2304 1203 2363 certe
1265 2302 1386 2376 μῦς
1450 2298 1645 2364 fuisse
1705 2318 1742 2363 a
1803 2298 2060 2363 renibus
2121 2320 2246 2363 non
2291 2299 2576 2364 multum
2625 2302 2900 2363 remotos
2917 2346 2934 2380 ,

558 2406 711 2470 adeo
772 2411 847 2469 ut
898 2404 1339 2491 Phrynichus,
1388 2406 1579 2469 sicuti
1626 2405 1909 2469 vidimus
1930 2454 1947 2489 ‚
1996 2406 2209 2487 νεφρὸν
2259 2405 2574 2492 appellare
2619 2408 2936 2492 potuerit,

558 2532 713 2598 quas
761 2511 873 2577 alii
917 2510 1101 2593 ψόας.
1152 2511 1297 2577 Νο11
1342 2532 1521 2577 111888
1562 2514 1922 2596 provinciae
1971 2517 2104 2590 est,
2155 2532 2294 2578 eam
2345 2534 2481 2579 rem
2529 2512 2798 2580 ulterius
2844 2514 2939 2576 in-

556 2620 787 2707 dagare
854 2626 953 2702 et,
1024 2621 1079 2683 si
1141 2619 1253 2704 qui
1316 2619 1630 2705 philologi
1692 2625 1939 2704 praeter
1999 2619 2422 2686 humanitatis
2483 2622 2695 2686 studia
2741 2621 2937 2684 etiam

554 2726 820 2790 humani
884 2728 1158 2810 eorporis
1222 2734 1607 2790 structuram
1654 2724 2020 2810 explorant,
2073 2747 2176 2793 eos
2224 2727 2532 2814 ablegabo
2579 2728 2658 2790 ad
2703 2725 2940 2790 Lobec-

553 2833 739 2897 kium
758 2881 773 2907 ,
838 2834 949 2916 qui
1008 2853 1085 2895 ex
1142 2829 1565 2915 Hippocrate,
1633 2831 1982 2899 Aristotele
2042 2841 2107 2897 et
2154 2831 2398 2900 Galeno
2444 2834 2679 2898 nubem
2728 2851 2941 2897 exem-

552 2939 805 3024 plorum
868 2937 1109 3003 attulit.
1202 2937 1345 3002 Non
1409 2941 1615 3024 magis
1681 2937 1977 3004 definiam
2024 2947 2170 3004 11118
2219 2959 2366 3005 vera
2411 2941 2688 3004 nominis
2735 2938 2940 3004 forma

554 3049 640 3110 sit
723 3046 858 3125 ψύα
944 3067 1022 3110 811
1106 3045 1271 3123 ψόα,
1342 3045 1452 3110 sed
1520 3045 1651 3124 ψόα
1727 3048 1803 3111 ab
1874 3047 2276 3134 gravioribus
2347 3048 2614 3112 testibus
2685 3047 2940 3112 videtur

554 3153 1018 3228 commendari,
1092 3154 1343 3216 etiamsi
1404 3151 1802 3236 paenultima
1869 3153 2121 3239 syllaba
2189 3157 2256 3218 in
2325 3156 2502 3238 epica
2562 3158 2738 3239 poesi
2801 3173 2946 3239 pro..

558 3258 841 3325 ducatur.
935 3257 1223 3323 Fortasse
1284 3258 1445 3337 ψόας
1520 3263 1780 3332 1101111118
1843 3265 1977 3324 1018
2039 3260 2198 3342 reyio
2261 3262 2488 3324 renalis
2545 3267 2609 3326 et
2655 3261 2941 3324 lumbaris

556 3366 979 3454 intelligitur,
1034 3386 1185 3430 nam
1233 3365 1349 3430 hoc
1394 3387 1626 3429 nomen
1676 3366 1942 3430 medicis
1988 3369 2057 3430 in
2103 3388 2224 3432 usu
2274 3388 2440 3444 esse,
2493 3367 2688 3432 fuisse
2735 3375 2937 3444 certe,

554 3474 615 3538 N
620 3476 919 3539 unnesius
979 3493 1083 3536 me
1150 3472 1383 3536 docuit.
1435 3470 1607 3536 Hinc
1654 3469 1908 3538 Caelius
1955 3472 2335 3538 Aurelianus
2368 3474 2687 3556 preadicos
2733 3475 2931 3549 dixit,

556 3583 670 3666 qui
714 3579 1002 3644 clunium
1044 3576 1255 3642 dolore
1292 3577 1610 3656 laborant,
1650 3601 1800 3644 nam
1819 3627 1835 3656 ‚
1879 3583 1976 3644 uti
2016 3579 2410 3644 Forcellinus
2451 3583 2576 3658 ait,
2615 3581 2940 3646 musculos

556 3685 844 3751 clunium
916 3684 1033 3748 sub
1101 3687 1318 3769 spinae
1386 3681 1573 3749 finem
1648 3706 1725 3749 ex
1793 3687 2200 3750 interioribus
2264 3693 2452 3771 atque
2514 3688 2931 3753 exterioribus

556 3792 998 3874 81111881811188,
1062 3789 1223 3871 ψόας
1292 3798 1697 3857 vocaverunt.
1793 3791 1938 3855 Nisi
2001 3797 2353 3858 metuerem
2375 3841 2389 3870 ‚
2452 3815 2532 3858 ne
2581 3795 2741 3858 mihi
2791 3805 2932 3858 tan-

556 3920 749 3986 quam
808 3895 1071 3986 graculo
1130 3919 1369 3983 pennae
1430 3899 1907 3963 detraherentur
1928 3945 1945 3975 ,
1993 3899 2096 3964 hie
2147 3899 2471 3984 complura
2519 3899 2745 3966 addere
2792 3921 2931 3986 pos-

554 4029 687 4073 sem
744 4027 819 4070 ex
882 4003 1162 4070 Henrieo
1220 4003 1575 4088 stapham,
1640 4005 1751 4068 sed
1797 4007 1952 4069 satis
2000 4019 2094 4070 est
2143 4006 2546 4071 Athenaeum
2599 4007 2930 4084 adhibere,

556 4116 669 4199 qui
704 4111 819 4176 IX.
862 4109 991 4174 399
1040 4109 1277 4174 multos
1322 4109 1490 4175 locos
1528 4111 1782 4188 attulit,
1822 4113 1988 4176 inter
2025 4133 2179 4197 quos
2213 4133 2362 4178 eum
2403 4116 2616 4197 ipsum
2643 4109 2935 4178 Clearchi

555 4221 800 4295 locum,
842 4237 1027 4302 quem
1074 4215 1306 4280 Pollux
1344 4219 1413 4282 in
1454 4218 1667 4282 animo
1714 4218 1962 4285 habuit.
2013 4218 2349 4284 Simaristo
2391 4226 2544 4284 sunt
2589 4220 2814 4302 ὀσφύος
2867 4222 2933 4284 αἱ

556 4329 621 4392 ἐκ
692 4325 980 4402 πλαγίων
1050 4322 1268 4404 σάρκες
1342 4324 1778 4398 ἕπανεςηκυῑαι
1840 4333 1904 4389 81
1964 4326 2111 4391 hinc
2172 4323 2472 4412 Cyclieus
2533 4333 2720 4412 poeta
2765 4333 2932 4394 recte

558 4432 828 4500 scribere
872 4433 1117 4517 potuit:
