3369 5142
1440 275 1822 336 coincomm.
2687 267 2820 338 249

442 458 807 528 Mei-nekius
874 457 1269 526 trochaicum
1340 464 1622 526 metrum
1691 459 1798 526 hic
1859 479 2200 548 agnoscere
2259 461 2385 527 sibi
2445 462 2622 528 visus
2681 467 2780 528 est
2795 511 2816 548 ‚

444 566 609 654 quod
656 588 853 653 quum
900 588 1023 634 non
1066 567 1192 632 nisi
1239 568 1391 633 satis
1439 568 1738 634 violentis
1786 567 2252 634 mutationibus
2297 569 2632 636 restituere
2675 590 2820 656 pos-

442 682 573 757 set,
644 671 921 741 Gobetus
980 673 1227 739 Mnem.
1274 673 1391 740 IV.
1448 673 1575 740 126
1624 672 2010 762 significavit
2059 673 2510 742 verosimiliter
2554 678 2817 742 creticos

441 779 639 848 latere
682 780 1094 867 scripsitque:

1258 886 1324 951 οὐ
1371 886 1654 964 καθήσεις
1704 885 1912 953 τοὶλαν

896 989 1045 1069 μηδ’
1094 992 1391 1072 ἀγροίκως
1438 991 1561 1059 ἄνω
1608 999 1716 1059 τοῦ
1759 993 2021 1072 γόνατος
2067 994 2336 1076 ὦμφιεῖς

442 1100 693 1168 omissis
752 1098 1069 1185 prioribus
1120 1097 1333 1166 verbis
1352 1149 1371 1177 ,
1422 1120 1581 1186 quse
1627 1121 1853 1166 manca
1899 1103 1966 1166 et
2008 1099 2242 1166 mutila
2287 1119 2421 1168 esse
2467 1100 2645 1168 dicit.
2737 1099 2815 1166 Id

444 1227 593 1272 sane
638 1209 931 1292 apparet,
977 1207 1262 1293 graviter
1308 1212 1677 1292 corruptum
1725 1226 1860 1274 esse
1907 1205 2079 1285 ἀμφὶ
2120 1203 2337 1285 ςέρνοις
2378 1210 2600 1286 φᾶρος,
2639 1228 2814 1282 nam,

442 1317 519 1378 ut
579 1311 657 1378 de
718 1315 923 1379 metro
967 1316 1213 1378 taceam
1226 1360 1243 1389 ‚
1298 1313 1463 1398 quod
1508 1314 1772 1379 fortasse
1817 1313 2132 1377 incertum
2181 1311 2538 1380 cuiusmodi
2583 1313 2778 1380 fuerit
2794 1361 2813 1399 ‚

444 1417 758 1506 quomodo
773 1467 791 1503 ,
832 1437 1061 1504 quaeso
1078 1467 1099 1492 ,
1137 1421 1205 1483 in
1246 1438 1319 1484 es
1364 1419 1675 1486 sententia
1708 1417 1971 1503 pectoris
2008 1423 2217 1504 potest
2253 1421 2496 1487 mentio
2535 1417 2670 1486 fieri
2689 1471 2708 1496 ‚
2735 1420 2815 1487 ad

442 1527 605 1612 quod
650 1525 848 1592 vestis
895 1523 1173 1591 demissa
1215 1525 1410 1591 fuerit
1428 1575 1445 1610 ,
1489 1547 1638 1590 cum
1678 1525 1933 1591 demitti
1971 1524 2172 1592 soleat
2211 1526 2290 1591 ad
2328 1525 2531 1592 talos?
2570 1527 2818 1606 Deinde

442 1632 509 1696 in
551 1631 877 1698 comoedia
922 1633 1065 1716 quis
1109 1634 1395 1698 tunicam
1440 1649 1750 1716 umquam
1799 1635 1995 1711 Φᾶρος
2044 1629 2252 1696 dixit?
2299 1629 2587 1698 conieci:

711 1737 930 1816 ἀμφὶ
980 1737 1160 1817 περὶ
1209 1744 1374 1809 τοῖς
1422 1743 1765 1817 σφυροῖς
1813 1739 1878 1802 οὔ
1925 1735 2226 1813 καθήσεις
2270 1737 2483 1804 τάλαν

713 1844 857 1922 μηδ’
901 1844 1201 1924 ἀγροίκως
1248 1842 1371 1910 ἄνω
1417 1849 1523 1909 τοῦ
1571 1844 1832 1924 γόνατος
1880 1845 2146 1926 αμφιεῖς

441 1950 843 2018 Philetaerus
910 1951 979 2015 in
1050 1951 1259 2016 animo
1320 1949 1616 2017 habuisse
1672 1949 1929 2017 videtur
1987 1949 2260 2018 Homeri
2323 1950 2440 2018 Od.
2503 1961 2585 2018 Λ.
2652 1949 2818 2018 609:

443 2053 815 2138 σμερδαλέος
862 2054 927 2122 δέ
976 2057 1028 2120 οἱ
1074 2055 1249 2138 ἀμφὶ
1298 2055 1434 2136 περ)
1482 2055 1780 2132 ςήθεσσιν
1823 2056 2043 2137 ιέορτὶιρ
2087 2057 2347 2138 χρύσεος
2397 2055 2465 2134 ἦν
2504 2057 2819 2140 τελαμών.

532 2269 836 2357 Sequitur
874 2267 1157 2355 Ephippi
1195 2266 1373 2334 locus
1389 2317 1407 2344 ,
1452 2288 1641 2354 quem
1687 2267 2054 2336 Meinekius
2099 2268 2293 2336 habet
2335 2289 2399 2355 p.
2451 2265 2613 2335 323:

1070 2372 1263 2454 τούτῳ
1312 2372 1365 2438 δ’
1412 2371 1647 2440 ὁπόταν
1693 2373 1910 2441 ναέται
1945 2375 2155 2456 χώρας

1078 2476 1272 2561 ἰχθύν
1316 2482 1431 2546 τιν’
1475 2477 1657 2546 ἕλωσ’
1707 2482 1828 2562 οὐχ
1874 2480 2143 2562 ήμέριον,

1070 2596 1183 2664 τῆς
1228 2586 1597 2667 περικλύςου
1644 2586 1702 2653 δ’
1754 2588 1945 2659 ἁλίας
1989 2588 2228 2667 Κρήτης

1068 2693 1258 2775 μείζω
1304 2693 1607 2774 μεγέθει,
1654 2693 1858 2768 λοπάς
1907 2696 1996 2765 ἐτ’
2041 2696 2211 2777 αὐτῷ

1070 2800 1295 2877 δυνατὴ
1342 2802 1679 2875 τούτους
1729 2810 1952 2885 χωρεῖν
1996 2801 2215 2868 ἑκατόν

1072 2908 1176 2973 καὶ
1225 2909 1555 2988 περιοίκους
1607 2904 1764 2974 εἶναι
1811 2908 1962 2973 ταύ
1982 2931 2122 2981 της

1070 3014 1318 3092 Ἰνδούς,
1366 3015 1629 3087 Λυκίους
1656 3066 1671 3093 ,
1717 3013 2180 3093 Μυγδονιώτας.

440 3122 614 3190 Mira
690 3126 785 3189 est
800 3169 820 3200 ,
897 3126 973 3186 ut
1040 3124 1131 3187 ait
1188 3119 1557 3188 Meinekius
1571 3171 1587 3199 ‚
1662 3127 1870 3189 rectae
1934 3121 2236 3187 orationis
2303 3120 2371 3185 in
2439 3118 2815 3185 indirectam

436 3230 761 3297 conversio
782 3277 803 3306 ‚
864 3247 981 3293 nec
1041 3227 1418 3294 crediderim
1483 3231 1702 3295 tamen
1761 3232 1906 3293 ante
1963 3248 2220 3293 versum
2269 3230 2524 3293 sextum
2570 3224 2816 3309 aliquid

436 3336 765 3403 excidisse.
854 3332 1132 3420 Requiro
1192 3333 1515 3419 equidem:
1580 3335 1683 3399 καὶ
1750 3333 2078 3414 περιοίκους
2143 3327 2303 3397 εἷναί
2345 3342 2622 3412 φασιν.
2713 3328 2814 3397 Ne

438 3444 581 3529 quis
632 3445 815 3528 putet
871 3460 978 3507 me
1044 3444 1323 3506 metrum
1382 3442 1733 3527 corrupisse
1754 3488 1771 3520 ,
1837 3460 2038 3526 quum
2101 3438 2447 3505 sententiae
2491 3436 2780 3505 mederer
2793 3483 2812 3515 ,

438 3547 717 3614 conferre
775 3546 1007 3613 iubebo
1052 3545 1281 3613 Aesch.
1327 3546 1503 3613 Pers.
1554 3546 1641 3614 1¹7
1689 3552 1753 3612 et
1797 3546 1950 3613 Eur.
1997 3544 2169 3612 Med.
2221 3542 2429 3623 1396,
2475 3565 2592 3612 neo
2635 3566 2814 3632 prse-

436 3659 609 3719 teres
675 3654 831 3719 satis
896 3657 1139 3719 constat
1202 3651 1473 3719 Indosne
1531 3657 1720 3739 poeta
1775 3653 2226 3719 memoraverit
2287 3672 2366 3717 an
2414 3652 2661 3723 Σινδοὺς
2707 3650 2813 3718 vel

438 3756 714 3833 Σιντούς.
804 3756 903 3825 Ex
962 3758 1081 3825 hoc
1137 3761 1345 3847 igitur
1402 3760 1602 3841 φασὶν
1647 3764 1980 3845 sequentes
2024 3756 2330 3825 infinitivi
2375 3764 2544 3825 recte
2586 3758 2816 3844 pende-

436 3866 627 3943 bunt3
683 3864 794 3931 sed
842 3862 993 3951 quid
1043 3868 1138 3929 est
1184 3866 1413 3940 δυνατὺ
1459 3889 1541 3931 το
1562 3864 1695 3931 ύτο
1715 3888 1793 3936 υς
1840 3871 2061 3945 χωρεῖν
2109 3860 2371 3929 ἑκατόνῗ
2417 3862 2562 3931 Non
2606 3870 2816 3951 potest

436 3974 503 4039 id
573 3973 741 4059 quod
790 3975 887 4037 est
931 3968 1179 4043 τούτους
1226 3992 1339 4057 pro
1386 3970 1690 4044 τοιούτους
1735 3972 1979 4038 dictum
2027 3971 2231 4037 videri
2250 4020 2270 4055 ,
2317 3991 2476 4056 quse
2521 3990 2674 4036 vera
2717 3974 2814 4037 est

436 4078 744 4147 Meinekii
806 4077 1183 4144 observatio.
1274 4078 1497 4165 Itaque
1557 4083 1634 4143 ut
1695 4077 2121 4143 demonstrem
2185 4077 2338 4162 quid
2385 4076 2813 4162 reponendum

440 4208 575 4252 esse
620 4204 906 4253 censeam
927 4232 943 4261 ‚
993 4183 1444 4251 recurrendum
1488 4190 1582 4250 est
1631 4184 1711 4249 ad
1758 4204 1833 4250 ea
1881 4203 2041 4268 quse
2085 4180 2415 4249 Meblerus
2459 4202 2643 4248 meus
2688 4182 2815 4249 dis-

438 4293 692 4376 putavit
758 4293 826 4357 in
890 4289 1139 4357 Mnem.
1200 4288 1278 4357 V.
1343 4288 1451 4369 68,
1514 4291 1748 4377 quibus
1809 4289 1888 4357 de
1944 4309 2089 4356 meo
2135 4288 2444 4374 quaedam
2491 4288 2816 4375 adjiciam.

448 4398 743 4467 Primum
812 4395 1226 4467 conferendus
1294 4402 1389 4463 est
1455 4396 1821 4465 Herodotus
1881 4394 1988 4461 Vl.
2051 4392 2176 4461 23:
2243 4391 2471 4473 μισθὸς
2535 4392 2600 4461 δέ
2647 4396 2697 4461 οἱ
2747 4391 2814 4470 ἦν

2507 4516 2572 4565 16
