3369 5142
555 308 642 377 86
1551 330 1975 380 rnucrnnnts.

559 502 812 589 Optime
874 503 1048 569 enim
1107 501 1436 569 Dobraeus
1493 504 1691 571 verba
1750 502 1810 575 ἐς
1874 502 1991 576 τοὶς
2043 504 2449 583 τετρακοσίας
2504 502 2699 571 deleri
2743 498 2958 570 iussit.

557 608 747 675 Nihil
807 610 1119 675 attinebat
1181 606 1442 675 Graecis
1501 611 1781 687 narrari,
1842 612 1985 696 quis
2049 612 2315 678 navium
2379 630 2685 677 numerus
2733 610 2950 677 fuerit.

561 714 924 803 gloriantur
967 718 1168 781 totius
1215 714 1436 781 classis
1483 716 1641 781 duas
1683 716 1884 782 ferme
1927 721 2139 802 partes
2185 718 2278 805 (g)
2325 737 2392 783 se
2442 715 2804 783 contulisse.

651 821 727 887 In
797 824 878 887 iis
949 843 1110 908 quae
1182 825 1481 888 continuo
1550 828 1905 907 sequuntur
1960 821 2138 911 lege:
2206 823 2310 887 καὶ
2377 823 2550 889 αὐτοὶ
2611 822 2716 887 διὰ
2775 826 2957 888 τοῦτο

561 926 815 1007 μάλιςοι
885 935 1002 993 ΔΗ
1076 928 1419 1004 ἐτιμήσατε
1484 926 1670 1008 ἄνδρα
1735 928 1901 1005 ξένον
1961 934 2081 994 τῶν
2140 932 2219 1002 ὥς
2267 930 2433 1007 ὑμᾶς
2483 928 2791 995 ἐλθόντων.
2842 948 2956 1015 pro

563 1032 664 1100 διὰ
711 1038 889 1100 τοῦτο
940 1034 1010 1109 δὴ
1058 1032 1330 1112 μάλιςοι.

647 1245 940 1334 Thucyd.
989 1246 1040 1311 Ι.
1091 1242 1196 1311 78.
1264 1248 1442 1325 ἡμεῖς
1489 1244 1545 1311 δ’
1597 1246 1655 1311 ἐν
1703 1246 1957 1331 οὐδεμιᾷ
2007 1271 2099 1313 πω
2148 1244 2403 1328 τοιαύτῃ
2449 1245 2735 1331 ἁμαρτίᾳ
2780 1245 2944 1321 ὄντες

552 1352 685 1420 οὔτ’
755 1353 932 1418 αὐτοὶ
980 1350 1098 1418 οὔθ’
1150 1351 1314 1430 ὑμᾶς
1366 1352 1612 1431 δρῶντες
1662 1350 1933 1430 λέγομεν
1982 1352 2124 1431 ὑμῖν
2174 1390 2257 1402 -
2306 1351 2573 1425 σπονδὰς
2624 1356 2713 1431 μὴ
2758 1352 2945 1418 λύειν.

551 1458 850 1527 Restitue
895 1463 1157 1525 naturae
1205 1458 1490 1525 ordinem
1539 1457 1670 1525 οὔτ’
1725 1460 1896 1525 αὐτοὶ
1945 1457 2110 1533 ὄντες
2162 1458 2287 1526 οὔθ’
2339 1460 2504 1537 ὑμᾶς
2548 1459 2814 1540 δρῶντες.

645 1668 936 1758 Thucyd.
999 1669 1052 1736 I.
1124 1668 1232 1736 80.
1303 1670 1550 1751 πότερον
1615 1678 1761 1744 ταῖς
1824 1670 2069 1750 navo-lm
2136 1673 2285 1737 ἀλλ’
2334 1670 2551 1749 ἤσσους
2603 1668 2811 1749 ἐσμέν.
2860 1706 2945 1719 -

553 1777 734 1843 ἀλλὰ
796 1785 924 1849 τοῖς
981 1780 1330 1859 χρήματιν;
1381 1777 1560 1842 ἀλλὰ
1607 1779 1819 1857 πολλῷ
1868 1774 1958 1841 ἔτι
2005 1776 2191 1843 πλέον
2241 1776 2507 1844 rods-OT
2556 1775 2945 1854 ἐλλείπομεν.

549 1883 692 1950 Imo
751 1904 902 1950 vero
963 1884 1218 1949 τούτΩῙ
1283 1882 1677 1962 ἐλλείπομεν.
1744 1900 1872 1949 ΗΔΘ
1918 1902 2001 1949 RB
2044 1884 2308 1949 hostibus
2354 1884 2679 1971 infem'oree
2720 1904 2941 1948 sumus.

552 1988 734 2057 Idem
781 1995 877 2055 est
926 1987 1140 2064 ἥσσους
1189 1990 1372 2066 ἐσμὲν
1421 1990 1629 2054 ναυσίν
1675 1996 1742 2055 et
1790 1990 2159 2068 ἐλλείπομεν
2205 1993 2564 2071 χρήμασιν,
2614 2009 2739 2055 non
2793 2011 2947 2069 χρη-

551 2096 789 2176 μάτων.
846 2094 946 2161 Of.
998 2095 1075 2181 V,
1124 2094 1228 2162 97.
1282 2096 1651 2173 δικαιώματι
1701 2097 1825 2175 γὰρ
1866 2096 2205 2177 οὐδετέρους
2257 2096 2568 2161 ἐλλείπειν
2618 2096 2937 2174 ἡγοῦνται.

559 2206 626 2269 et
671 2201 779 2267 VI.
831 2201 938 2267 69.
985 2204 1050 2267 οὐ
1099 2203 1225 2283 γὰρ
1273 2202 1344 2276 δὴ
1393 2202 1699 2285 προθυμίᾳ
1746 2203 2023 2277 ἐλλιπεῖς
2076 2199 2229 2278 ἦσαν
2275 2202 2407 2269 οὐδὲ
2448 2201 2677 2284 τόλμῃ.
2717 2221 2948 2287 nempe

557 2307 732 2375 idem
779 2313 875 2375 ost
921 2309 1196 2380 ἐλλιπεῖς
1248 2303 1402 2383 ἦσαν
1446 2309 1616 2394 quod
1664 2306 1989 2375 ἐνέλειπον.

646 2518 838 2605 Apud
896 2518 1186 2609 Thucyd.
1255 2520 1310 2587 Ι.
1371 2518 1476 2586 80.
1528 2520 1955 2588 Archidamus
2001 2540 2110 2588 rex
2156 2520 2613 2607 Spartanorum
2659 2521 2727 2585 in
2772 2518 2944 2587 hunc

557 2625 824 2692 modum
896 2629 1087 2694 verba
1156 2628 1340 2694 facit:
1413 2627 1518 2692 sex)
1587 2627 1776 2700 αὐτὸς
1842 2635 2085 2694 πολλῶν
2148 2628 2257 2704 ἤδη
2322 2629 2607 2705 πολέμων
2656 2624 2941 2707 ἔμπειρός

550 2733 711 2811 εἶμι,
772 2729 814 2798 ὦ
875 2734 1389 2818 Λακεδαιμόνιοι,
1450 2735 1554 2798 xx)
1623 2735 1787 2811 ὑμῶν
1848 2735 1987 2806 τοὺς
2053 2736 2113 2798 ἐν
2175 2743 2253 2816 τῇ
2317 2737 2479 2816 αὐτῇ
2528 2734 2737 2816 ἡλικίᾳ
2786 2732 2938 2816 δρῶ,

555 2836 670 2907 ciis-s
730 2840 880 2918 μήτ’
937 2838 1190 2921 ἀπειρίᾳ
1254 2839 1630 2915 ἐπιθυμῆσαί
1674 2863 1813 2904 τινα
1860 2843 1968 2904 τοῦ
2014 2837 2227 2919 ἔργου,
2278 2835 2422 2921 ὅπερ
2470 2839 2547 2905 ἂν
2596 2846 2936 2904 ΠΟΛΛΟΙ

545 2944 826 3029 πάθοιεν,
901 2944 1053 3022 μήτ’
1120 2945 1357 3022 azyma&
1421 2946 1528 3010 καὶ
1590 2945 1886 3028 ἀσφαλὲς
1950 2948 2315 3026 νομίσαντα.
2412 2945 2551 3027 Quo
2612 2965 2800 3011 sensu
2872 2946 2941 3009 in

545 3051 648 3118 his
718 3052 938 3116 πολλοί
1005 3051 1255 3116 dicatur
1315 3056 1427 3116 aut
1486 3071 1645 3138 quae
1707 3053 1965 3119 tandem
2026 3056 2112 3119 sit
2170 3054 2327 3120 haec
2381 3055 2695 3138 oppositio
2746 3069 2935 3116 nemo

541 3157 730 3223 facile
791 3157 976 3223 dicet.
1071 3156 1188 3223 Est
1239 3160 1414 3222 enim
1458 3179 1687 3224 manca
1733 3164 1799 3225 et
1841 3160 2216 3246 imperfecta
2264 3161 2468 3225 oratio
2515 3159 2752 3224 amisso
2806 3176 2931 3223 uno

541 3263 849 3330 vocabulo
906 3263 987 3329 ad
1032 3266 1410 3330 sententiam
1458 3263 1906 3350 perficiendam
1956 3269 2306 3332 necessario
2326 3313 2342 3342 ,
2392 3263 2560 3350 quod
2606 3265 2789 3329 nobis
2838 3268 2934 3329 est

537 3370 1077 3458 investigandum.
1123 3371 1508 3451 Ἀρχίδαμος
1560 3370 1586 3434 ὃ
1638 3369 2027 3449 Ζευξιδάμου
2076 3372 2578 3448 Λακεδαιμονίων
2621 3371 2929 3448 βασιλεὺς

536 3481 831 3565 regnavit
899 3498 1010 3562 per
1077 3496 1271 3542 annos
1339 3475 1526 3542 XLII
1597 3475 2011 3562 (469—427)
2084 3483 2150 3543 et
2210 3498 2409 3563 quum
2472 3476 2628 3541 haec
2696 3475 2931 3541 diceret

539 3602 701 3648 anno
763 3580 891 3646 431
953 3585 1136 3670 regni
1194 3603 1435 3647 annum
1496 3585 1906 3670 trigesimum
1963 3587 2264 3650 octavum
2312 3583 2544 3671 agebat
2591 3587 2929 3668 provectus

541 3692 767 3754 aetate.
829 3685 1007 3752 Dicit
1053 3689 1256 3774 igitur
1302 3693 1364 3752 et
1411 3708 1478 3752 se
1525 3693 1590 3752 et
1636 3687 1931 3773 aequales
1976 3708 2123 3754 suos
2170 3690 2569 3755 consenuisse
2617 3691 2687 3753 in
2734 3689 2931 3755 armis

537 3794 680 3870 μηδ’
745 3793 996 3876 ἀπειρίᾳ
1058 3792 1432 3869 ἐπιθυμῆσαι
1479 3796 1585 3857 τοῦ
1635 3791 1834 3878 ἔργου,
1885 3796 2116 3880 quibus
2161 3797 2424 3880 opponit
2474 3814 2580 3860 eos
2628 3797 2741 3880 qui
2790 3795 2931 3860 nul·

539 3919 698 3964 num
762 3897 918 3963 dum
978 3897 1131 3963 belli
1191 3919 1379 3962 usum
1439 3897 1746 3964 habentes
1806 3899 2089 3966 bellandi
2144 3901 2495 3986 cupiditate
2558 3899 2934 3988 flagrabant.

537 4004 776 4075 Γλυκὺς
840 4002 1065 4085 ἀπείρῳ
1113 4001 1418 4081 πόλεμος,
1471 4008 1546 4068 ut
1593 4009 1689 4070 est
1734 4007 1799 4069 in
1850 4007 2199 4090 proverbio.
2294 4003 2461 4070 Sunt
2511 4005 2581 4069 hi
2630 4008 2929 4082 iuvenes,

536 4107 873 4174 bellatores
933 4113 1114 4187 „novi
1173 4109 1645 4174 adole-scema?
1714 4114 1779 4175 et
1846 4110 2313 4188 Archidamus,
2363 4116 2438 4176 ut
2486 4115 2700 4176 aetate
2746 4132 2939 4197 gran·

535 4214 740 4281 diores
798 4213 1032 4289 solent,
1091 4213 1358 4280 senilem
1419 4215 1826 4301 prudentiam
1874 4237 2023 4281 cum
2068 4217 2311 4283 fervore
2356 4218 2714 4283 iuventutis
2759 4238 2931 4283 com-

533 4341 760 4406 parans
807 4321 1086 4387 dixerat:
1137 4315 1283 4400 ὄπερ
1335 4320 1412 4387 ἂν
1457 4323 1673 4406 πολλοὶ
1726 4331 1923 4389 ΤΩΝ
1972 4330 2469 4390 NenTe-PnN
2518 4322 2801 4403 πάθοιεν,
2861 4329 2937 4388 ut

534 4427 702 4515 apud
751 4427 1124 4495 Homerum
1173 4436 1303 4494 est:
