3369 5142
558 273 692 346 364
1662 297 1903 344 01013120.

653 469 727 534 In
786 469 970 536 libris
1032 473 1158 535 est:
1238 469 1342 532 ubi
1402 491 1562 532 nunc
1624 469 2050 545 ambulamus,
2115 469 2224 534 ubi
2279 470 2736 535 inambulamus
2757 517 2772 548 ‚
2842 471 2949 534 ubi

566 579 989 654 ambulamus,
1060 595 1221 660 quae
1290 577 1509 639 omnia
1575 594 1702 640 non
1769 579 1918 638 sunt
1979 577 2171 639 unius
2231 578 2388 641 assis
2449 580 2514 641 et
2575 597 2704 643 una
2748 577 2946 643 litura

568 683 767 750 deleri
813 683 1082 755 debent,
1134 687 1211 745 ut
1254 679 1575 766 Pluygers
1623 685 1844 746 auctor
1889 686 2004 746 est.

657 789 825 854 Satis
871 794 1039 873 erat,
1088 787 1302 852 credo:
1344 788 1627 874 porticus
1674 786 1815 851 haec
1859 789 2035 874 ipsa,
2089 789 2120 862 ἡ
2169 787 2284 854 ςοὰ
2332 789 2531 862 azia-ni.

655 1006 729 1067 de
788 1000 965 1067 Orat.
1027 1000 1115 1066 II.
1163 1000 1200 1085 ξ
1247 998 1369 1063 45:
1436 1021 1591 1085 quae
1634 1011 1868 1064 natura
1913 1013 2022 1064 aut
2058 1000 2332 1087 fortuna
2378 1003 2700 1067 darenwlm
2745 1003 2946 1068 homi-

566 1111 741 1175 nibus
802 1112 869 1174 in
930 1111 1009 1173 iis
1069 1109 1245 1172 rebus
1307 1130 1367 1170 se
1424 1107 1583 1170 vinci
1617 1128 1802 1193 posse
1847 1129 2038 1193 aequo
2085 1110 2294 1173 animo
2343 1107 2581 1196 [pati];
2625 1131 2780 1195 quac
2827 1111 2950 1197 ipsi

567 1217 685 1280 sibi
745 1217 1014 1281 homines
1060 1235 1299 1301 parare
1335 1224 1588 1300 possent
1631 1214 1698 1277 in
1743 1215 1820 1276 iis
1869 1214 2044 1277 rebus
2089 1235 2149 1278 sc
2184 1217 2334 1301 pati
2377 1239 2500 1280 non
2539 1239 2723 1303 posse
2767 1219 2943 1280 vinci.

654 1323 929 1386 Assensu
992 1339 1105 1384 suo
1168 1318 1607 1402 comprobavit
1653 1317 1820 1403 quod
1867 1317 2025 1383 olim
2073 1319 2498 1385 conieceram:
2550 1359 2632 1369 —
2673 1323 2946 1408 fortuna

565 1431 811 1493 darEN'I·
881 1425 1226 1492 hominibus
1302 1430 1365 1489 et
1430 1430 1744 1509 expuncto
1807 1425 2002 1513 [pati]
2053 1463 2135 1474 --
2184 1430 2250 1490 in
2309 1429 2387 1490 iis
2449 1429 2624 1491 rebus
2684 1449 2745 1492 se
2789 1430 2949 1492 vinci

556 1537 705 1622 pati
747 1556 871 1598 non
905 1553 1105 1619 posse.

656 1639 748 1704 Ut
809 1639 1045 1704 dicitur
1104 1649 1337 1702 natura
1395 1639 1597 1714 dedit,
1629 1635 1675 1720 ¹)
1723 1638 1814 1713 sic
1858 1655 1902 1702 A
1947 1650 2180 1703 natura
2227 1641 2446 1704 datum
2493 1653 2610 1716 est,
2658 1659 2781 1704 non
2827 1665 2945 1704 na-

570 1759 752 1822 tura;
815 1743 931 1810 ὑπὸ
996 1749 1106 1816 τῆς
1170 1741 1415 1824 φύσεως
1478 1764 1603 1809 non
1668 1741 1880 1822 Φύσει.
1973 1741 2190 1830 Aequo
2239 1747 2446 1810 animo
2493 1748 2652 1812 vinci
2685 1769 2946 1834 possum

514 1909 521 1916 .
568 1857 664 1918 est
708 1875 831 1918 non
876 1873 1051 1937 aeyre
1087 1851 1234 1937 sero
1281 1873 1377 1914 me
1422 1852 1581 1916 vinci
1600 1897 1614 1927 ‚
1663 1855 1729 1914 et
1775 1851 1866 1914 sic
1905 1853 2053 1936 pati
2096 1851 2326 1916 vitiose
2371 1852 2672 1918 abundat.

656 2068 729 2130 de
798 2063 975 2130 Orat.
1039 2063 1122 2128 II.
1186 2066 1220 2148 ξ
1286 2061 1407 2130 72:
1480 2075 1592 2128 aut
1655 2065 1955 2127 docendus
2017 2065 2072 2127 is
2127 2076 2216 2128 est
2261 2078 2372 2129 aut
2419 2066 2789 2131 dedocendus
2837 2079 2948 2131 aut

566 2174 993 2259 reprimendus
1062 2183 1173 2234 aut
1242 2171 1590 2234 incitandus
1658 2182 1770 2234 aut
1839 2171 2009 2234 omni
2076 2171 2318 2235 ratione
2385 2174 2472 2236 ad
2535 2185 2772 2260 tempus
2843 2171 2947 2258 [ad

568 2278 856 2361 causam]
909 2279 1185 2342 oratione
1230 2278 1665 2341 moderandus.

656 2382 985 2468 Expunxit
1045 2385 1131 2445 ad
1188 2405 1472 2466 causam,
1531 2387 1700 2448 recte
1747 2382 2004 2467 quidem
2032 2431 2048 2460 ,
2093 2403 2365 2468 namque
2412 2384 2480 2448 id
2525 2385 2737 2468 ipsum
2782 2387 2947 2450 inest

568 2492 635 2554 in
684 2490 894 2556 verbis
940 2493 1027 2555 ad
1072 2501 1311 2578 tempus
1356 2489 1425 2554 id
1472 2495 1568 2556 est
1616 2492 1702 2555 ad
1745 2493 1815 2555 id
1857 2493 2024 2577 quod
2072 2502 2308 2579 tempus
2349 2491 2654 2580 postulat.

658 2706 730 2767 de
786 2700 961 2767 Orat.
1011 2699 1091 2765 II.
1142 2702 1178 2785 ᾖ
1228 2698 1347 2767 75:
1402 2724 1539 2765 cum
1598 2699 1913 2765 Hannibal
1958 2698 2354 2785 Karthayine
2398 2701 2690 2788 expulsus
2739 2703 2949 2790 Ephe-

572 2832 711 2871 sum
759 2808 846 2871 ad
886 2804 1267 2871 Antiochum
1314 2808 1569 2871 venisset
1614 2806 1757 2871 exul
1793 2828 2038 2893 proque
2081 2828 2147 2871 eo
2196 2810 2362 2892 quod
2395 2808 2523 2871 eius
2561 2830 2780 2872 nomen
2817 2822 2950 2873 emt

568 2938 797 2998 maqna
866 2916 1041 3000 apud
1096 2936 1299 2978 omnes
1354 2914 1559 2999 ylon‘a
1618 2914 1916 2976 invitatus
1975 2924 2124 2976 esset
2185 2913 2262 2976 ab
2320 2913 2661 2999 hospitibus
2709 2916 2834 2979 suis
2880 2926 2951 2979 ut

568 3044 707 3084 eum
753 3040 931 3105 quem
976 3020 1113 3083 dixi
1156 3020 1213 3083 si
1256 3018 1426 3082 vellet
1474 3020 1718 3082 audiret
1763 3023 1880 3081 cet.

657 3124 802 3191 Non
849 3122 1232 3189 Hannibalis
1277 3146 1493 3189 nomen
1542 3128 1675 3189 erat
1721 3143 1956 3211 mag-na
2001 3122 2244 3211 gloria,
2287 3124 2395 3190 sed
2432 3124 2566 3211 ipse
2604 3124 2947 3193 Hannibal.

568 3236 790 3319 Itaque
837 3233 1080 3317 opt-ime
1126 3230 1446 3317 Pluygers
1490 3232 1809 3313 reposuit:
1859 3232 2026 3317 quod
2066 3232 2195 3294 eius
2241 3253 2460 3297 nomen
2496 3245 2631 3297 erat
2669 3251 2951 3320 maqntm

569 3344 743 3428 apud
800 3360 1005 3405 omnes
1067 3340 1379 3421 expuncto
1431 3336 1654 3421 yloria.
1708 3336 1786 3400 cf.
1836 3336 2030 3402 Brut.
2081 3337 2114 3422 ἓ
2163 3333 2333 3401 238:
2382 3338 2564 3403 liuius
2611 3376 2698 3387 -—
2747 3342 2950 3405 maius

569 3471 785 3514 nomen
848 3449 915 3511 in
967 3445 1263 3532 patronis
1311 3443 1561 3528 fuisset.
1634 3441 1808 3508 Orat.
1877 3444 1913 3528 ᾖ
1959 3442 2080 3509 22:
2140 3466 2436 3528 maynum
2483 3446 2551 3509 in
2599 3448 2949 3513 oratoribus

568 3576 786 3619 nomen
832 3553 1192 3616 habuerant.

659 3657 1039 3724 Rectissime
1100 3656 1275 3723 Bake
1337 3658 1565 3723 verba:
1641 3655 2013 3741 Carthayine
2058 3656 2348 3743 expulsus
2388 3662 2642 3743 propter
2687 3679 2948 3744 sequens

570 3766 711 3831 exul
754 3765 1033 3831 insiticia
1078 3786 1211 3830 esse
1258 3764 1587 3829 iudicavit.

663 3872 836 3939 Mihi
879 3871 1137 3956 quidem
1185 3872 1595 3938 vehementer
1640 3874 1934 3954 suspecta
1981 3873 2130 3935 sunt
2178 3870 2370 3936 verba
2416 3874 2502 3935 ad
2535 3871 2945 3951 Antiochum,

572 3980 874 4066 quoniam
941 3977 1245 4044 Antiochi
1316 3978 1557 4040 mentio
1618 3974 1784 4039 nihil
1845 3974 2000 4039 facit
2060 3974 2139 4039 ad
2198 3996 2335 4040 rem
2399 3996 2602 4061 neque
2647 3977 2947 4042 Antiochi

644 4341 695 4397 1)
745 4338 804 4385 cf.
856 4335 1023 4385 Cicero
1056 4348 1149 4398 pro
1193 4330 1360 4381 Roscio
1403 4330 1626 4381 Amerino
1670 4333 1693 4391 ς
1723 4330 1811 4380 46:
1849 4330 1894 4379 εἰ
1929 4331 2016 4380 tibi
2034 4331 2240 4397 somma
2272 4346 2363 4381 nou
2395 4330 2530 4379 dedit
2565 4335 2623 4379 ut
2644 4334 2791 4395 patre
2821 4338 2950 4383 certo

575 4434 842 4477 nascerere,
882 4446 929 4455 —
980 4421 1163 4465 reatum
1196 4419 1324 4463 certe
1358 4414 1491 4463 dedit
1529 4418 1583 4461 ut
1617 4414 1936 4463 humanitatis
1974 4430 2067 4463 non
2089 4430 2262 4479 parum
2297 4414 2502 4465 haberes.
