3369 5142
1378 1084 1493 1156 AD
1539 1082 2074 1156 FRAGMENTA

1038 1320 1664 1410 COMICORUM
1724 1319 2402 1410 GRAECORUM.

1614 1581 1823 1618 scnn’srr

1410 1782 1475 1846 S.
1538 1781 1621 1847 A.
1691 1781 2002 1848 NABER.

1362 1989 1624 2072 (Gontin.
1676 2011 1709 2051 e
1748 2011 1883 2071 pay.
1935 1987 2071 2076 55).

1544 2243 1910 2279 ..ψ-..-

618 2449 815 2516 Venio
878 2451 957 2518 ad
1002 2451 1241 2516 Eubuli
1287 2451 1726 2537 frag-mentum
1751 2501 1766 2528 ,
1821 2449 1987 2534 quod
2025 2447 2386 2514 Meinekius
2423 2447 2619 2512 habet
2651 2466 2716 2530 p.
2741 2444 2908 2510 216:

981 2557 1083 2621 καὶ
1138 2555 1283 2637 πρός
1331 2580 1409 2636 γε
1456 2557 1688 2629 τούτοις
1737 2558 1926 2622 οὶσκὸν
1972 2558 2056 2629 εἰς
2113 2555 2296 2635 μέσον

983 2660 1369 2734 καταθέντες
1417 2660 1798 2729 εἴσοὶλλεσθε
1847 2663 1950 2727 καὶ
2000 2661 2323 2744 καχὲζετε

980 2769 1081 2833 ἐπὶ
1130 2776 1256 2842 τοῖς
1306 2769 1738 2849 καταρρέουσιν
1787 2770 1912 2834 ἀπὸ
1963 2768 2412 2845 κελεύσματος.

525 2874 695 2940 Nota
758 2894 857 2939 res
921 2879 1017 2939 est
1034 2921 1051 2952 ‚
1118 2875 1195 2939 de
1258 2894 1384 2959 qua
1441 2875 1546 2940 hic
1612 2896 1822 2940 sermo
1870 2874 1942 2939 fit
1988 2880 2052 2939 et
2097 2874 2518 2939 Ruhnkenius
2565 2870 2910 2956 explicavit

525 2980 603 3044 ad
667 2978 1007 3045 Timaeum
1067 2983 1135 3044 in
1190 3000 1376 3054 voce,
1443 2982 1595 3065 quid
1658 2988 1826 3049 esset
1887 2978 2315 3059 ἀσκωλιάζειν.
2409 2976 2766 3044 Scholiasta
2830 2976 2908 3041 ad

525 3084 854 3170 Aristoph.
921 3084 1099 3150 Plut.
1172 3084 1376 3162 1130,
1432 3090 1539 3151 cui
1584 3086 1822 3151 Eubuli
1865 3086 2080 3152 locum
2131 3086 2465 3160 debemus,
2512 3086 2607 3148 ita
2651 3084 2902 3149 scribit:

524 3190 583 3253 ἐν
644 3188 813 3270 μέσῳ
879 3190 939 3254 δὲ
1001 3196 1107 3254 τοῦ
1167 3191 1431 3269 θεάτρου
1481 3189 1758 3256 ἐτίθεντο
1807 3193 2032 3265 οὲσκοὺς
2081 3190 2549 3271 πεφυσημένους
2597 3189 2701 3253 καὶ
2753 3190 2909 3263 ἀλη-

524 3296 892 3374 λιμμένους,
946 3298 1043 3369 εἷς
1094 3294 1190 3370 οὓς
1241 3298 1633 3375 ἐναλλόμενοι
1683 3296 2046 3361 ὠλίσθανον.
2149 3296 2324 3361 Haec
2373 3295 2564 3361 verba
2609 3300 2910 3380 poterunt

524 3400 762 3466 indicio
824 3422 991 3486 esse,
1053 3403 1368 3487 quomodo
1426 3403 1709 3489 suppleri
1769 3403 1996 3468 debeat
2059 3404 2306 3487 primus
2367 3400 2716 3466 versiculus
2739 3450 2754 3477 ,
2805 3402 2910 3465 cui

524 3526 691 3572 unus
753 3527 862 3589 pes
925 3507 1117 3573 deest.
1212 3506 1544 3574 Bentleius
1606 3513 1675 3572 in
1742 3507 1864 3573 fine
1927 3508 2198 3573 addebat
2242 3507 2495 3586 χαμαί,
2545 3504 2909 3571 Dindorfius

524 3608 698 3693 τινα,
746 3609 1113 3677 Meinekius
1159 3614 1347 3693 τάχα
1395 3614 1499 3681 vel
1547 3614 1776 3692 μέγαν.
1874 3612 2058 3678 Nihil
2105 3614 2334 3677 horum
2381 3610 2643 3691 suffieit3
2686 3611 2910 3697 supple

841 3717 946 3780 καὶ
996 3716 1139 3797 πρός
1188 3742 1269 3795 γε
1318 3718 1549 3789 τούτοις
1605 3718 1950 3801 (λισσὸν)
1995 3718 2183 3781 ἀσκὸν
2233 3718 2316 3789 εἷς
2365 3716 2572 3795 μέσον.

524 3819 717 3885 Vides
762 3840 874 3885 eur
919 3822 1303 3888 vocabulum
1352 3823 1692 3889 exciderit:
1751 3831 2085 3889 ΛΙΣΣΟΝ
2127 3829 2192 3889 et
2233 3831 2528 3888 ΑΣΚΟΝ
2569 3844 2906 3908 perparum

523 3924 819 3991 differunt
864 3928 929 3991 in
978 3927 1216 3993 unciali
1264 3934 1595 4016 scriptura.

610 4134 813 4201 Aliud
860 4136 1097 4202 Eubuli
1146 4138 1582 4225 fragmentum
1634 4139 2006 4206 Athenaeus
2049 4141 2243 4206 habet
2289 4142 2376 4207 X.
2423 4163 2482 4227 p.
2538 4139 2669 4208 41¹7
2710 4142 2804 4207 D:
2848 4142 2909 4205 ἐν

522 4238 582 4303 δὲ
632 4246 756 4311 τοῖς
804 4250 1038 4313 Μυσοῖς
1088 4245 1232 4321 πρὸς
1282 4245 1384 4307 τὸν
1429 4244 1756 4325 Ἠρακλέα
1806 4255 1968 4309 ποιεῖ
2009 4272 2146 4311 τινα
2196 4246 2348 4311 τάδε
2393 4248 2702 4325 λέγοντα·

884 4348 975 4415 Σὺ
1020 4350 1134 4426 μὲν
1182 4351 1250 4415 τὸ
1302 4349 1559 4435 Θήβης,
1606 4354 1681 4425 ὥς
1731 4352 2052 4430 λέγεις,
2105 4351 2281 4419 πέδον
2330 4353 2522 4419 λιπών
