<?xml version="1.0" encoding="UTF-8"?>
<!DOCTYPE html PUBLIC "-//W3C//DTD XHTML 1.0 Transitional//EN"
    "http://www.w3.org/TR/xhtml1/DTD/xhtml1-transitional.dtd">
<html xmlns="http://www.w3.org/1999/xhtml" xml:lang="en" lang="en">
 <head>
  <title>
</title>
<meta http-equiv="Content-Type" content="text/html;charset=utf-8" />
  <meta name='ocr-system' content='tesseract 3.04.00' />
  <meta name='ocr-capabilities' content='ocr_page ocr_carea ocr_par ocr_line ocrx_word'/>
</head>
<body>
  <div class='ocr_page' id='page_1' title='image "./mnemosynevolume01verdgoog_0393.png"; bbox 0 0 3369 5142; ppageno 0'>
   <div class='ocr_carea' id='block_1_1' title="bbox 1458 291 2754 360">
    <p class='ocr_par' dir='ltr' id='par_1_1' title="bbox 1458 291 2754 360">
     <span class='ocr_line' id='line_1_1' title="bbox 1458 291 2754 360; baseline 0.002 -2"><span class='ocrx_word' id='word_1_1' title='bbox 1458 309 1678 358; x_wconf 66' lang='lat' dir='ltr'><strong><em>uaros.</em></strong></span> <span class='ocrx_word' id='word_1_2' title='bbox 2629 291 2754 360; x_wconf 84' lang='lat'><strong><em>361</em></strong></span> 
     </span>
    </p>
   </div>
   <div class='ocr_carea' id='block_1_2' title="bbox 372 481 2770 682">
    <p class='ocr_par' dir='ltr' id='par_1_2' title="bbox 372 481 2770 682">
     <span class='ocr_line' id='line_1_2' title="bbox 383 481 2770 572; baseline -0.002 -19"><span class='ocrx_word' id='word_1_3' title='bbox 383 491 500 553; x_wconf 85' lang='lat' dir='ltr'><strong><em>cet.</em></strong></span> <span class='ocrx_word' id='word_1_4' title='bbox 574 487 687 550; x_wconf 87' lang='lat' dir='ltr'><strong><em>aut</em></strong></span> <span class='ocrx_word' id='word_1_5' title='bbox 762 487 929 572; x_wconf 81' lang='lat' dir='ltr'><strong><em>quod</em></strong></span> <span class='ocrx_word' id='word_1_6' title='bbox 994 508 1117 550; x_wconf 88' lang='lat' dir='ltr'><strong><em>non</em></strong></span> <span class='ocrx_word' id='word_1_7' title='bbox 1180 483 1421 549; x_wconf 84' lang='lat' dir='ltr'><strong><em>liberale</em></strong></span> <span class='ocrx_word' id='word_1_8' title='bbox 1481 486 1587 548; x_wconf 87' lang='lat' dir='ltr'><strong><em>sed</em></strong></span> <span class='ocrx_word' id='word_1_9' title='bbox 1642 484 1762 547; x_wconf 86' lang='lat' dir='ltr'><strong><em>leve</em></strong></span> <span class='ocrx_word' id='word_1_10' title='bbox 1817 481 2245 548; x_wconf 79' lang='lat' dir='ltr'><strong><em>arbitrabatur</em></strong></span> <span class='ocrx_word' id='word_1_11' title='bbox 2281 481 2564 570; x_wconf 78' lang='lat' dir='ltr'><em>polliceri</em></span> <span class='ocrx_word' id='word_1_12' title='bbox 2604 486 2770 570; x_wconf 82' lang='lat' dir='ltr'><strong><em>quod</em></strong></span> 
     </span>
     <span class='ocr_line' id='line_1_3' title="bbox 372 605 1139 682; baseline -0.007 -23"><span class='ocrx_word' id='word_1_13' title='bbox 372 605 697 682; x_wconf 84' lang='lat' dir='ltr'><strong><em>praestare</em></strong></span> <span class='ocrx_word' id='word_1_14' title='bbox 740 614 863 656; x_wconf 88' lang='lat' dir='ltr'><strong><em>non</em></strong></span> <span class='ocrx_word' id='word_1_15' title='bbox 898 605 1139 678; x_wconf 69' lang='lat' dir='ltr'><strong><em>possm.</em></strong></span> 
     </span>
    </p>
   </div>
   <div class='ocr_carea' id='block_1_3' title="bbox 478 801 2772 892">
    <p class='ocr_par' dir='ltr' id='par_1_3' title="bbox 478 801 2772 892">
     <span class='ocr_line' id='line_1_4' title="bbox 478 801 2772 892; baseline -0.001 -21"><span class='ocrx_word' id='word_1_16' title='bbox 478 804 673 872; x_wconf 71' lang='lat' dir='ltr'><strong><em>Attio.</em></strong></span> <span class='ocrx_word' id='word_1_17' title='bbox 735 802 965 869; x_wconf 87' lang='lat' dir='ltr'>XXII.</span> <span class='ocrx_word' id='word_1_18' title='bbox 1039 801 1118 868; x_wconf 77' lang='lat'><strong><em>2:</em></strong></span> <span class='ocrx_word' id='word_1_19' title='bbox 1187 826 1393 892; x_wconf 84' lang='lat' dir='ltr'><strong><em>preces</em></strong></span> <span class='ocrx_word' id='word_1_20' title='bbox 1460 807 1588 869; x_wconf 87' lang='lat' dir='ltr'><strong><em>eius</em></strong></span> <span class='ocrx_word' id='word_1_21' title='bbox 1652 807 1962 869; x_wconf 86' lang='lat' dir='ltr'><strong><em>taciturna</em></strong></span> <span class='ocrx_word' id='word_1_22' title='bbox 2025 828 2138 869; x_wconf 89' lang='lat' dir='ltr'><strong><em>sua</em></strong></span> <span class='ocrx_word' id='word_1_23' title='bbox 2194 805 2594 870; x_wconf 74' lang='lat' dir='ltr'><strong><em>obstinatione</em></strong></span> <span class='ocrx_word' id='word_1_24' title='bbox 2655 820 2772 868; x_wconf 73' lang='lat' dir='ltr'><strong><em>Dn-</em></strong></span> 
     </span>
    </p>
   </div>
   <div class='ocr_carea' id='block_1_4' title="bbox 377 916 2135 1105">
    <p class='ocr_par' dir='ltr' id='par_1_4' title="bbox 377 916 2135 1105">
     <span class='ocr_line' id='line_1_5' title="bbox 430 916 627 980; baseline 0.005 -2"><span class='ocrx_word' id='word_1_25' title='bbox 430 916 627 980; x_wconf 77' lang='lat' dir='ltr'><strong><em>rescit.</em></strong></span> 
     </span>
     <span class='ocr_line' id='line_1_6' title="bbox 377 939 2135 1105; baseline -0.001 -21"><span class='ocrx_word' id='word_1_26' title='bbox 377 939 425 1002; x_wconf 72' lang='lat' dir='ltr'><em>p</em></span> <span class='ocrx_word' id='word_1_27' title='bbox 472 1019 598 1086; x_wconf 91' lang='lat' dir='ltr'><strong><em>Pro</em></strong></span> <span class='ocrx_word' id='word_1_28' title='bbox 646 1019 957 1105; x_wconf 75' lang='lat' dir='ltr'><strong><em>nnpressit</em></strong></span> <span class='ocrx_word' id='word_1_29' title='bbox 1000 1017 1285 1082; x_wconf 79' lang='lat' dir='ltr'><strong><em>restituit</em></strong></span> <span class='ocrx_word' id='word_1_30' title='bbox 1332 1019 1760 1083; x_wconf 86' lang='lat' dir='ltr'><strong><em>necessarium</em></strong></span> <span class='ocrx_word' id='word_1_31' title='bbox 1807 1021 2135 1105; x_wconf 73' lang='lat' dir='ltr'><strong><em>Impressit.</em></strong></span> 
     </span>
    </p>
   </div>
   <div class='ocr_carea' id='block_1_5' title="bbox 381 1227 2774 1752">
    <p class='ocr_par' dir='ltr' id='par_1_5' title="bbox 381 1227 2774 1752">
     <span class='ocr_line' id='line_1_7' title="bbox 472 1227 2767 1316; baseline 0.001 -24"><span class='ocrx_word' id='word_1_32' title='bbox 472 1227 545 1292; x_wconf 90' lang='lat' dir='ltr'><strong><em>In</em></strong></span> <span class='ocrx_word' id='word_1_33' title='bbox 605 1229 893 1316; x_wconf 74' lang='lat' dir='ltr'><strong><em>Epistola</em></strong></span> <span class='ocrx_word' id='word_1_34' title='bbox 956 1227 1285 1296; x_wconf 77' lang='lat' dir='ltr'><strong><em>Corneliae</em></strong></span> <span class='ocrx_word' id='word_1_35' title='bbox 1343 1227 1779 1297; x_wconf 81' lang='lat' dir='ltr'><strong><em>Gracchorum</em></strong></span> <span class='ocrx_word' id='word_1_36' title='bbox 1837 1233 2063 1297; x_wconf 85' lang='lat' dir='ltr'><strong><em>matris</em></strong></span> <span class='ocrx_word' id='word_1_37' title='bbox 2123 1232 2204 1296; x_wconf 85' lang='lat' dir='ltr'><strong><em>ad</em></strong></span> <span class='ocrx_word' id='word_1_38' title='bbox 2266 1229 2340 1297; x_wconf 86' lang='lat' dir='ltr'><strong><em>C.</em></strong></span> <span class='ocrx_word' id='word_1_39' title='bbox 2403 1228 2767 1297; x_wconf 78' lang='lat' dir='ltr'><strong><em>Gracchum</em></strong></span> 
     </span>
     <span class='ocr_line' id='line_1_8' title="bbox 381 1335 2767 1427; baseline 0.001 -28"><span class='ocrx_word' id='word_1_40' title='bbox 381 1335 621 1400; x_wconf 77' lang='lat' dir='ltr'><strong><em>editur:</em></strong></span> <span class='ocrx_word' id='word_1_41' title='bbox 696 1337 907 1402; x_wconf 84' lang='lat' dir='ltr'><strong><em>Verbis</em></strong></span> <span class='ocrx_word' id='word_1_42' title='bbox 952 1341 1248 1427; x_wconf 86' lang='lat' dir='ltr'><strong><em>conceptis</em></strong></span> <span class='ocrx_word' id='word_1_43' title='bbox 1294 1340 1564 1403; x_wconf 85' lang='lat' dir='ltr'><strong><em>deierare</em></strong></span> <span class='ocrx_word' id='word_1_44' title='bbox 1600 1341 1804 1411; x_wconf 79' lang='lat' dir='ltr'><strong><em>ausim</em></strong></span> <span class='ocrx_word' id='word_1_45' title='bbox 1833 1352 2278 1426; x_wconf 77' lang='lat' dir='ltr'><strong><em>praeterquam</em></strong></span> <span class='ocrx_word' id='word_1_46' title='bbox 2313 1341 2424 1425; x_wconf 85' lang='lat' dir='ltr'><strong><em>qui</em></strong></span> <span class='ocrx_word' id='word_1_47' title='bbox 2458 1338 2767 1402; x_wconf 81' lang='lat' dir='ltr'><strong><em>Tiberium</em></strong></span> 
     </span>
     <span class='ocr_line' id='line_1_9' title="bbox 389 1439 2774 1510; baseline 0 -4"><span class='ocrx_word' id='word_1_48' title='bbox 389 1439 736 1508; x_wconf 74' lang='lat' dir='ltr'><strong><em>Gracchum</em></strong></span> <span class='ocrx_word' id='word_1_49' title='bbox 795 1457 1090 1509; x_wconf 84' lang='lat' dir='ltr'><strong><em>necarunt</em></strong></span> <span class='ocrx_word' id='word_1_50' title='bbox 1147 1447 1447 1510; x_wconf 85' lang='lat' dir='ltr'><strong><em>neminem</em></strong></span> <span class='ocrx_word' id='word_1_51' title='bbox 1491 1446 1810 1509; x_wconf 78' lang='lat' dir='ltr'><strong><em>inimicum</em></strong></span> <span class='ocrx_word' id='word_1_52' title='bbox 1857 1457 2102 1510; x_wconf 88' lang='lat' dir='ltr'><strong><em>tantum</em></strong></span> <span class='ocrx_word' id='word_1_53' title='bbox 2147 1445 2456 1509; x_wconf 71' lang='lat' dir='ltr'><strong><em>molestiae</em></strong></span> <span class='ocrx_word' id='word_1_54' title='bbox 2499 1457 2774 1508; x_wconf 83' lang='lat' dir='ltr'><strong><em>tantum·</em></strong></span> 
     </span>
     <span class='ocr_line' id='line_1_10' title="bbox 386 1550 2769 1637; baseline 0 -25"><span class='ocrx_word' id='word_1_55' title='bbox 386 1571 499 1636; x_wconf 84' lang='lat' dir='ltr'><strong><em>que</em></strong></span> <span class='ocrx_word' id='word_1_56' title='bbox 544 1550 773 1616; x_wconf 84' lang='lat' dir='ltr'><strong><em>laboris</em></strong></span> <span class='ocrx_word' id='word_1_57' title='bbox 816 1564 1119 1637; x_wconf 85' lang='lat' dir='ltr'><strong><em>quantam</em></strong></span> <span class='ocrx_word' id='word_1_58' title='bbox 1170 1564 1228 1615; x_wconf 89' lang='lat' dir='ltr'><strong><em>te</em></strong></span> <span class='ocrx_word' id='word_1_59' title='bbox 1276 1552 1379 1636; x_wconf 90' lang='lat' dir='ltr'><strong><em>[ob</em></strong></span> <span class='ocrx_word' id='word_1_60' title='bbox 1426 1550 1540 1615; x_wconf 88' lang='lat' dir='ltr'><strong><em>has</em></strong></span> <span class='ocrx_word' id='word_1_61' title='bbox 1586 1551 1716 1636; x_wconf 85' lang='lat' dir='ltr'><strong><em>res]</em></strong></span> <span class='ocrx_word' id='word_1_62' title='bbox 1767 1551 1924 1616; x_wconf 76' lang='lat' dir='ltr'><strong><em>mihi</em></strong></span> <span class='ocrx_word' id='word_1_63' title='bbox 1961 1553 2289 1615; x_wconf 74' lang='lat' dir='ltr'><strong><em>tradidisse</em></strong></span> <span class='ocrx_word' id='word_1_64' title='bbox 2307 1574 2327 1614; x_wconf 93' lang='lat'><strong><em>:</em></strong></span> <span class='ocrx_word' id='word_1_65' title='bbox 2368 1573 2546 1636; x_wconf 85' lang='lat' dir='ltr'><strong><em>quem</em></strong></span> <span class='ocrx_word' id='word_1_66' title='bbox 2586 1573 2769 1636; x_wconf 88' lang='lat' dir='ltr'><strong><em>opor-</em></strong></span> 
     </span>
     <span class='ocr_line' id='line_1_11' title="bbox 386 1655 2770 1752; baseline 0 -34"><span class='ocrx_word' id='word_1_67' title='bbox 386 1655 546 1720; x_wconf 78' lang='lat' dir='ltr'><strong><em>tebat</em></strong></span> <span class='ocrx_word' id='word_1_68' title='bbox 592 1659 867 1721; x_wconf 87' lang='lat' dir='ltr'><strong><em>omnium</em></strong></span> <span class='ocrx_word' id='word_1_69' title='bbox 910 1679 1186 1722; x_wconf 88' lang='lat' dir='ltr'><strong><em>meorum</em></strong></span> <span class='ocrx_word' id='word_1_70' title='bbox 1212 1704 1228 1734; x_wconf 89' lang='lat'>,</span> <span class='ocrx_word' id='word_1_71' title='bbox 1274 1680 1425 1743; x_wconf 85' lang='lat' dir='ltr'><strong><em>quos</em></strong></span> <span class='ocrx_word' id='word_1_72' title='bbox 1465 1658 1720 1722; x_wconf 76' lang='lat' dir='ltr'><strong><em>antehac</em></strong></span> <span class='ocrx_word' id='word_1_73' title='bbox 1763 1657 1950 1721; x_wconf 77' lang='lat' dir='ltr'><strong><em>habui</em></strong></span> <span class='ocrx_word' id='word_1_74' title='bbox 1986 1656 2203 1720; x_wconf 89' lang='lat' dir='ltr'><strong><em>liberos</em></strong></span> <span class='ocrx_word' id='word_1_75' title='bbox 2233 1669 2452 1743; x_wconf 89' lang='lat' dir='ltr'><strong><em>partes</em></strong></span> <span class='ocrx_word' id='word_1_76' title='bbox 2496 1656 2770 1752; x_wconf 85' lang='lat' dir='ltr'><strong><em>[eorum]</em></strong></span> 
     </span>
    </p>
   </div>
   <div class='ocr_carea' id='block_1_6' title="bbox 379 1762 2766 1957">
    <p class='ocr_par' dir='ltr' id='par_1_6' title="bbox 379 1762 2766 1957">
     <span class='ocr_line' id='line_1_12' title="bbox 379 1762 661 1828; baseline 0.014 -4"><span class='ocrx_word' id='word_1_77' title='bbox 379 1762 661 1828; x_wconf 82' lang='lat' dir='ltr'><strong><em>tolerare.</em></strong></span> 
     </span>
     <span class='ocr_line' id='line_1_13' title="bbox 470 1867 2766 1957; baseline -0.001 -24"><span class='ocrx_word' id='word_1_78' title='bbox 470 1867 714 1934; x_wconf 86' lang='lat' dir='ltr'><strong><em>Locum</em></strong></span> <span class='ocrx_word' id='word_1_79' title='bbox 750 1869 948 1936; x_wconf 74' lang='lat' dir='ltr'><strong><em>‘male</em></strong></span> <span class='ocrx_word' id='word_1_80' title='bbox 1008 1870 1306 1936; x_wconf 86' lang='lat' dir='ltr'><strong><em>habitum</em></strong></span> <span class='ocrx_word' id='word_1_81' title='bbox 1372 1872 1465 1936; x_wconf 89' lang='lat' dir='ltr'><strong><em>ita</em></strong></span> <span class='ocrx_word' id='word_1_82' title='bbox 1526 1871 1992 1957; x_wconf 83' lang='lat' dir='ltr'><strong><em>redintegravit</em></strong></span> <span class='ocrx_word' id='word_1_83' title='bbox 2050 1874 2126 1934; x_wconf 86' lang='lat' dir='ltr'><strong><em>ut</em></strong></span> <span class='ocrx_word' id='word_1_84' title='bbox 2172 1873 2486 1953; x_wconf 86' lang='lat' dir='ltr'><strong><em>expuncto</em></strong></span> <span class='ocrx_word' id='word_1_85' title='bbox 2534 1868 2606 1932; x_wconf 93' lang='lat' dir='ltr'><strong><em>ob</em></strong></span> <span class='ocrx_word' id='word_1_86' title='bbox 2652 1867 2766 1930; x_wconf 76' lang='lat' dir='ltr'><strong><em>bas</em></strong></span> 
     </span>
    </p>
   </div>
   <div class='ocr_carea' id='block_1_7' title="bbox 376 1974 2760 2170">
    <p class='ocr_par' dir='ltr' id='par_1_7' title="bbox 376 1974 2760 2170">
     <span class='ocr_line' id='line_1_14' title="bbox 379 1974 2760 2064; baseline -0 -27"><span class='ocrx_word' id='word_1_87' title='bbox 379 1997 475 2040; x_wconf 90' lang='lat' dir='ltr'><strong><em>res</em></strong></span> <span class='ocrx_word' id='word_1_88' title='bbox 522 1976 856 2041; x_wconf 81' lang='lat' dir='ltr'><strong><em>scriberet:</em></strong></span> <span class='ocrx_word' id='word_1_89' title='bbox 905 1999 1083 2064; x_wconf 82' lang='lat' dir='ltr'><strong><em>quem</em></strong></span> <span class='ocrx_word' id='word_1_90' title='bbox 1131 1978 1453 2064; x_wconf 83' lang='lat' dir='ltr'><strong><em>oportebat</em></strong></span> <span class='ocrx_word' id='word_1_91' title='bbox 1492 1980 1789 2056; x_wconf 88' lang='lat' dir='ltr'><strong><em>omnium,</em></strong></span> <span class='ocrx_word' id='word_1_92' title='bbox 1828 2000 1979 2063; x_wconf 85' lang='lat' dir='ltr'><strong><em>quos</em></strong></span> <span class='ocrx_word' id='word_1_93' title='bbox 2019 1976 2274 2040; x_wconf 77' lang='lat' dir='ltr'><strong><em>antehac</em></strong></span> <span class='ocrx_word' id='word_1_94' title='bbox 2313 1975 2519 2052; x_wconf 83' lang='lat' dir='ltr'><strong><em>habui,</em></strong></span> <span class='ocrx_word' id='word_1_95' title='bbox 2547 1974 2760 2038; x_wconf 82' lang='lat' dir='ltr'><strong><em>libero-</em></strong></span> 
     </span>
     <span class='ocr_line' id='line_1_15' title="bbox 376 2088 1092 2170; baseline 0.004 -25"><span class='ocrx_word' id='word_1_96' title='bbox 376 2098 513 2147; x_wconf 77' lang='lat' dir='ltr'><strong><em>le</em></strong></span> <span class='ocrx_word' id='word_1_97' title='bbox 548 2095 768 2170; x_wconf 83' lang='lat' dir='ltr'><strong><em>partes</em></strong></span> <span class='ocrx_word' id='word_1_98' title='bbox 815 2088 1092 2148; x_wconf 85' lang='lat' dir='ltr'><strong><em>tolerare.</em></strong></span> 
     </span>
    </p>
   </div>
   <div class='ocr_carea' id='block_1_8' title="bbox 378 2295 2766 3000">
    <p class='ocr_par' dir='ltr' id='par_1_8' title="bbox 378 2295 2766 2600">
     <span class='ocr_line' id='line_1_16' title="bbox 470 2295 2765 2385; baseline -0 -26"><span class='ocrx_word' id='word_1_99' title='bbox 470 2295 624 2361; x_wconf 88' lang='lat' dir='ltr'><strong><em>Post</em></strong></span> <span class='ocrx_word' id='word_1_100' title='bbox 672 2316 874 2380; x_wconf 86' lang='lat' dir='ltr'><strong><em>pauca</em></strong></span> <span class='ocrx_word' id='word_1_101' title='bbox 917 2297 1011 2361; x_wconf 90' lang='lat' dir='ltr'><strong><em>ita</em></strong></span> <span class='ocrx_word' id='word_1_102' title='bbox 1056 2296 1391 2362; x_wconf 80' lang='lat' dir='ltr'><strong><em>scribitur:</em></strong></span> <span class='ocrx_word' id='word_1_103' title='bbox 1442 2333 1525 2344; x_wconf 95' lang='lat'><strong><em>—-</em></strong></span> <span class='ocrx_word' id='word_1_104' title='bbox 1566 2299 1942 2384; x_wconf 85' lang='lat' dir='ltr'><strong><em>praesertim</em></strong></span> <span class='ocrx_word' id='word_1_105' title='bbox 1989 2297 2177 2373; x_wconf 73' lang='lat' dir='ltr'><strong><em>mihi,</em></strong></span> <span class='ocrx_word' id='word_1_106' title='bbox 2227 2300 2324 2362; x_wconf 86' lang='lat' dir='ltr'><strong><em>cui</em></strong></span> <span class='ocrx_word' id='word_1_107' title='bbox 2361 2319 2565 2385; x_wconf 86' lang='lat' dir='ltr'><strong><em>parva</em></strong></span> <span class='ocrx_word' id='word_1_108' title='bbox 2605 2318 2765 2382; x_wconf 86' lang='lat' dir='ltr'><strong><em>pars</em></strong></span> 
     </span>
     <span class='ocr_line' id='line_1_17' title="bbox 380 2404 2766 2492; baseline 0.002 -26"><span class='ocrx_word' id='word_1_109' title='bbox 380 2405 539 2468; x_wconf 83' lang='lat' dir='ltr'><strong><em>vitae</em></strong></span> <span class='ocrx_word' id='word_1_110' title='bbox 600 2415 891 2489; x_wconf 73' lang='lat' dir='ltr'><strong><em>superest.</em></strong></span> <span class='ocrx_word' id='word_1_111' title='bbox 950 2425 1022 2467; x_wconf 85' lang='lat' dir='ltr'><strong><em>ne</em></strong></span> <span class='ocrx_word' id='word_1_112' title='bbox 1068 2404 1138 2466; x_wconf 88' lang='lat' dir='ltr'><strong><em>id</em></strong></span> <span class='ocrx_word' id='word_1_113' title='bbox 1183 2405 1427 2489; x_wconf 85' lang='lat' dir='ltr'><strong><em>quidem</em></strong></span> <span class='ocrx_word' id='word_1_114' title='bbox 1474 2415 1605 2467; x_wconf 86' lang='lat' dir='ltr'><strong><em>tam</em></strong></span> <span class='ocrx_word' id='word_1_115' title='bbox 1650 2405 1822 2468; x_wconf 84' lang='lat' dir='ltr'><strong><em>breve</em></strong></span> <span class='ocrx_word' id='word_1_116' title='bbox 1868 2406 2144 2490; x_wconf 87' lang='lat' dir='ltr'><strong><em>spatium</em></strong></span> <span class='ocrx_word' id='word_1_117' title='bbox 2186 2417 2402 2492; x_wconf 84' lang='lat' dir='ltr'><strong><em>potes‘r</em></strong></span> <span class='ocrx_word' id='word_1_118' title='bbox 2449 2407 2766 2471; x_wconf 75' lang='lat' dir='ltr'><strong><em>omwlari</em></strong></span> 
     </span>
     <span class='ocr_line' id='line_1_18' title="bbox 378 2507 2210 2600; baseline 0.001 -26"><span class='ocrx_word' id='word_1_119' title='bbox 378 2511 529 2595; x_wconf 84' lang='lat' dir='ltr'><strong><em>quin</em></strong></span> <span class='ocrx_word' id='word_1_120' title='bbox 576 2521 633 2573; x_wconf 89' lang='lat' dir='ltr'><strong><em>et</em></strong></span> <span class='ocrx_word' id='word_1_121' title='bbox 680 2509 838 2573; x_wconf 75' lang='lat' dir='ltr'><strong><em>mihi</em></strong></span> <span class='ocrx_word' id='word_1_122' title='bbox 882 2511 1197 2575; x_wconf 82' lang='lat' dir='ltr'><strong><em>adversere</em></strong></span> <span class='ocrx_word' id='word_1_123' title='bbox 1240 2523 1297 2575; x_wconf 86' lang='lat' dir='ltr'><strong><em>et</em></strong></span> <span class='ocrx_word' id='word_1_124' title='bbox 1344 2532 1474 2575; x_wconf 89' lang='lat' dir='ltr'><strong><em>rem</em></strong></span> <span class='ocrx_word' id='word_1_125' title='bbox 1514 2510 1830 2597; x_wconf 81' lang='lat' dir='ltr'><strong><em>publicam</em></strong></span> <span class='ocrx_word' id='word_1_126' title='bbox 1869 2507 2210 2600; x_wconf 75' lang='lat' dir='ltr'><strong><em>profliyes?</em></strong></span> 
     </span>
    </p>

    <p class='ocr_par' dir='ltr' id='par_1_9' title="bbox 378 2614 2766 3000">
     <span class='ocr_line' id='line_1_19' title="bbox 469 2614 2762 2707; baseline 0.003 -26"><span class='ocrx_word' id='word_1_127' title='bbox 469 2614 866 2681; x_wconf 85' lang='lat' dir='ltr'><strong><em>Felicissime</em></strong></span> <span class='ocrx_word' id='word_1_128' title='bbox 913 2616 1307 2681; x_wconf 80' lang='lat' dir='ltr'><strong><em>emendavit:</em></strong></span> <span class='ocrx_word' id='word_1_129' title='bbox 1358 2638 1431 2681; x_wconf 82' lang='lat' dir='ltr'><strong><em>ne</em></strong></span> <span class='ocrx_word' id='word_1_130' title='bbox 1478 2618 1546 2681; x_wconf 84' lang='lat' dir='ltr'><strong><em>id</em></strong></span> <span class='ocrx_word' id='word_1_131' title='bbox 1587 2620 1835 2703; x_wconf 85' lang='lat' dir='ltr'><strong><em>quidem</em></strong></span> <span class='ocrx_word' id='word_1_132' title='bbox 1882 2630 2013 2681; x_wconf 88' lang='lat' dir='ltr'><strong><em>tam</em></strong></span> <span class='ocrx_word' id='word_1_133' title='bbox 2053 2619 2223 2683; x_wconf 86' lang='lat' dir='ltr'><strong><em>breve</em></strong></span> <span class='ocrx_word' id='word_1_134' title='bbox 2259 2621 2535 2705; x_wconf 83' lang='lat' dir='ltr'><strong><em>spatium</em></strong></span> <span class='ocrx_word' id='word_1_135' title='bbox 2567 2634 2762 2707; x_wconf 66' lang='lat' dir='ltr'><strong><em>potus</em></strong></span> 
     </span>
     <span class='ocr_line' id='line_1_20' title="bbox 378 2720 2765 2810; baseline 0.003 -24"><span class='ocrx_word' id='word_1_136' title='bbox 378 2720 838 2786; x_wconf 62' lang='lat' dir='ltr'><strong><em>mnemia-ri?</em></strong></span> <span class='ocrx_word' id='word_1_137' title='bbox 886 2720 1247 2786; x_wconf 79' lang='lat' dir='ltr'><strong><em>adscribens</em></strong></span> <span class='ocrx_word' id='word_1_138' title='bbox 1296 2721 1595 2799; x_wconf 76' lang='lat' dir='ltr'><strong><em>„Sisenna</em></strong></span> <span class='ocrx_word' id='word_1_139' title='bbox 1642 2727 1820 2810; x_wconf 83' lang='lat' dir='ltr'><strong><em>apud</em></strong></span> <span class='ocrx_word' id='word_1_140' title='bbox 1857 2722 2163 2789; x_wconf 82' lang='lat' dir='ltr'><strong><em>Nonium.</em></strong></span> <span class='ocrx_word' id='word_1_141' title='bbox 2205 2724 2372 2790; x_wconf 76' lang='lat' dir='ltr'><strong><em>Suet.</em></strong></span> <span class='ocrx_word' id='word_1_142' title='bbox 2421 2726 2620 2792; x_wconf 79' lang='lat' dir='ltr'><strong><em>Viteec.</em></strong></span> <span class='ocrx_word' id='word_1_143' title='bbox 2669 2728 2765 2792; x_wconf 63' lang='lat'><strong><em>73³</em></strong></span> 
     </span>
     <span class='ocr_line' id='line_1_21' title="bbox 381 2827 2766 2917; baseline 0.004 -27"><span class='ocrx_word' id='word_1_144' title='bbox 381 2827 779 2892; x_wconf 76' lang='lat' dir='ltr'><strong><em>Prae-stolari</em></strong></span> <span class='ocrx_word' id='word_1_145' title='bbox 845 2849 959 2912; x_wconf 87' lang='lat' dir='ltr'><strong><em>pro</em></strong></span> <span class='ocrx_word' id='word_1_146' title='bbox 1030 2831 1339 2917; x_wconf 86' lang='lat' dir='ltr'><strong><em>opperiri,</em></strong></span> <span class='ocrx_word' id='word_1_147' title='bbox 1400 2842 1745 2917; x_wconf 77' lang='lat' dir='ltr'><strong><em>exspectare</em></strong></span> <span class='ocrx_word' id='word_1_148' title='bbox 1766 2877 1781 2906; x_wconf 91' lang='lat'>,</span> <span class='ocrx_word' id='word_1_149' title='bbox 1843 2851 2110 2909; x_wconf 87' lang='lat' dir='ltr'><strong><em>manere,</em></strong></span> <span class='ocrx_word' id='word_1_150' title='bbox 2181 2832 2547 2913; x_wconf 77' lang='grc' dir='ltr'><em>περιμένειν,</em></span> <span class='ocrx_word' id='word_1_151' title='bbox 2611 2837 2766 2900; x_wconf 85' lang='lat' dir='ltr'><strong><em>satis</em></strong></span> 
     </span>
     <span class='ocr_line' id='line_1_22' title="bbox 379 2937 771 3000; baseline 0.01 -4"><span class='ocrx_word' id='word_1_152' title='bbox 379 2937 607 2999; x_wconf 88' lang='lat' dir='ltr'><strong><em>notum</em></strong></span> <span class='ocrx_word' id='word_1_153' title='bbox 654 2939 771 3000; x_wconf 83' lang='lat' dir='ltr'><strong><em>est.</em></strong></span> 
     </span>
    </p>
   </div>
   <div class='ocr_carea' id='block_1_9' title="bbox 1531 3436 1599 3471">
    <p class='ocr_par' dir='ltr' id='par_1_10' title="bbox 1531 3436 1599 3471">
     <span class='ocr_line' id='line_1_23' title="bbox 1531 3436 1599 3471; baseline 0 0"><span class='ocrx_word' id='word_1_154' title='bbox 1531 3436 1599 3471; x_wconf 69' lang='lat' dir='ltr'><strong><em>AD</em></strong></span> 
     </span>
    </p>
   </div>
   <div class='ocr_carea' id='block_1_10' title="bbox 1260 3588 1962 3665">
    <p class='ocr_par' dir='ltr' id='par_1_11' title="bbox 1260 3588 1962 3665">
     <span class='ocr_line' id='line_1_24' title="bbox 1260 3588 1962 3665; baseline -0.009 -3"><span class='ocrx_word' id='word_1_155' title='bbox 1260 3588 1896 3665; x_wconf 83' lang='lat' dir='ltr'>CICERONIS</span> <span class='ocrx_word' id='word_1_156' title='bbox 1947 3644 1962 3655; x_wconf 88' lang='lat'><strong>.</strong></span> 
     </span>
    </p>
   </div>
   <div class='ocr_carea' id='block_1_11' title="bbox 1375 3764 1776 3813">
    <p class='ocr_par' dir='ltr' id='par_1_12' title="bbox 1375 3764 1776 3813">
     <span class='ocr_line' id='line_1_25' title="bbox 1375 3764 1776 3813; baseline 0 0"><span class='ocrx_word' id='word_1_157' title='bbox 1375 3764 1776 3813; x_wconf 75' lang='lat' dir='ltr'>RHETORICA.</span> 
     </span>
    </p>
   </div>
   <div class='ocr_carea' id='block_1_12' title="bbox 378 4106 2770 4385">
    <p class='ocr_par' dir='ltr' id='par_1_13' title="bbox 378 4106 2770 4385">
     <span class='ocr_line' id='line_1_26' title="bbox 466 4106 2770 4200; baseline 0.003 -28"><span class='ocrx_word' id='word_1_158' title='bbox 466 4122 688 4173; x_wconf 71' lang='lat' dir='ltr'>CICERO</span> <span class='ocrx_word' id='word_1_159' title='bbox 755 4108 829 4171; x_wconf 85' lang='lat' dir='ltr'><strong><em>de</em></strong></span> <span class='ocrx_word' id='word_1_160' title='bbox 893 4106 1248 4171; x_wconf 79' lang='lat' dir='ltr'><strong><em>Inventione</em></strong></span> <span class='ocrx_word' id='word_1_161' title='bbox 1293 4106 1347 4170; x_wconf 94' lang='lat' dir='ltr'><strong><em>I.</em></strong></span> <span class='ocrx_word' id='word_1_162' title='bbox 1400 4106 1461 4171; x_wconf 87' lang='lat'><strong><em>5.</em></strong></span> <span class='ocrx_word' id='word_1_163' title='bbox 1519 4106 1588 4172; x_wconf 88' lang='lat'><strong><em>6:</em></strong></span> <span class='ocrx_word' id='word_1_164' title='bbox 1654 4110 1819 4173; x_wconf 83' lang='lat' dir='ltr'><strong><em>inter</em></strong></span> <span class='ocrx_word' id='word_1_165' title='bbox 1864 4112 2130 4197; x_wconf 90' lang='lat' dir='ltr'><strong><em>officium</em></strong></span> <span class='ocrx_word' id='word_1_166' title='bbox 2174 4122 2248 4177; x_wconf 75' lang='lat' dir='ltr'><strong><em>et·</em></strong></span> <span class='ocrx_word' id='word_1_167' title='bbox 2267 4116 2468 4200; x_wconf 85' lang='lat' dir='ltr'><strong><em>finem</em></strong></span> <span class='ocrx_word' id='word_1_168' title='bbox 2515 4114 2624 4179; x_wconf 76' lang='lat' dir='ltr'><strong><em>hoc</em></strong></span> <span class='ocrx_word' id='word_1_169' title='bbox 2671 4118 2770 4180; x_wconf 86' lang='lat' dir='ltr'><strong><em>in-</em></strong></span> 
     </span>
     <span class='ocr_line' id='line_1_27' title="bbox 378 4214 2768 4303; baseline 0.003 -24"><span class='ocrx_word' id='word_1_170' title='bbox 378 4226 556 4279; x_wconf 82' lang='lat' dir='ltr'><strong><em>terest</em></strong></span> <span class='ocrx_word' id='word_1_171' title='bbox 619 4214 785 4299; x_wconf 82' lang='lat' dir='ltr'><strong><em>quod</em></strong></span> <span class='ocrx_word' id='word_1_172' title='bbox 848 4216 914 4277; x_wconf 85' lang='lat' dir='ltr'><strong><em>in</em></strong></span> <span class='ocrx_word' id='word_1_173' title='bbox 974 4214 1167 4299; x_wconf 83' lang='lat' dir='ltr'><strong><em>officio</em></strong></span> <span class='ocrx_word' id='word_1_174' title='bbox 1230 4216 1382 4298; x_wconf 83' lang='lat' dir='ltr'><strong><em>quid</em></strong></span> <span class='ocrx_word' id='word_1_175' title='bbox 1424 4216 1579 4301; x_wconf 90' lang='lat' dir='ltr'><strong><em>fieri</em></strong></span> <span class='ocrx_word' id='word_1_176' title='bbox 1594 4262 1609 4293; x_wconf 87' lang='lat'><strong>,</strong></span> <span class='ocrx_word' id='word_1_177' title='bbox 1672 4218 1738 4279; x_wconf 83' lang='lat' dir='ltr'><strong><em>in</em></strong></span> <span class='ocrx_word' id='word_1_178' title='bbox 1785 4218 1920 4303; x_wconf 81' lang='lat' dir='ltr'><strong><em>fine</em></strong></span> <span class='ocrx_word' id='word_1_179' title='bbox 1966 4220 2120 4303; x_wconf 81' lang='lat' dir='ltr'><strong><em>quid</em></strong></span> <span class='ocrx_word' id='word_1_180' title='bbox 2166 4236 2410 4285; x_wconf 76' lang='lat' dir='ltr'><strong><em>orrlclo</em></strong></span> <span class='ocrx_word' id='word_1_181' title='bbox 2457 4225 2768 4287; x_wconf 87' lang='lat' dir='ltr'><strong><em>conveniat</em></strong></span> 
     </span>
     <span class='ocr_line' id='line_1_28' title="bbox 378 4323 850 4385; baseline 0.002 -1"><span class='ocrx_word' id='word_1_182' title='bbox 378 4323 850 4385; x_wconf 83' lang='lat' dir='ltr'><strong><em>consideramus.</em></strong></span> 
     </span>
    </p>
   </div>
   <div class='ocr_carea' id='block_1_13' title="bbox 469 4424 2770 4601">
    <p class='ocr_par' dir='ltr' id='par_1_14' title="bbox 469 4424 2770 4601">
     <span class='ocr_line' id='line_1_29' title="bbox 469 4424 2770 4517; baseline 0.007 -27"><span class='ocrx_word' id='word_1_183' title='bbox 469 4424 847 4491; x_wconf 78' lang='lat' dir='ltr'><strong><em>Rectissime</em></strong></span> <span class='ocrx_word' id='word_1_184' title='bbox 920 4426 1237 4514; x_wconf 81' lang='lat' dir='ltr'><strong><em>Pluygers</em></strong></span> <span class='ocrx_word' id='word_1_185' title='bbox 1309 4429 1704 4497; x_wconf 79' lang='lat' dir='ltr'><strong><em>emendavit:</em></strong></span> <span class='ocrx_word' id='word_1_186' title='bbox 1767 4434 1922 4517; x_wconf 79' lang='lat' dir='ltr'><strong><em>quid</em></strong></span> <span class='ocrx_word' id='word_1_187' title='bbox 1980 4448 2185 4497; x_wconf 59' lang='grc' dir='ltr'><strong><em>παι-τισι</em></strong></span> <span class='ocrx_word' id='word_1_188' title='bbox 2246 4438 2578 4501; x_wconf 78' lang='lat' dir='ltr'><strong><em>conveniat.</em></strong></span> <span class='ocrx_word' id='word_1_189' title='bbox 2671 4437 2770 4505; x_wconf 85' lang='lat' dir='ltr'><strong><em>Ne</em></strong></span> 
     </span>
     <span class='ocr_line' id='line_1_30' title="bbox 2395 4552 2460 4601; baseline 0 0"><span class='ocrx_word' id='word_1_190' title='bbox 2395 4552 2460 4601; x_wconf 76' lang='lat' dir='ltr'><strong><em>ss</em></strong></span> 
     </span>
    </p>
   </div>
  </div>
 </body>
</html>
