3369 5142
589 307 675 379 48
1597 334 1981 384 ruenni-A

585 500 744 592 Egit
813 501 893 570 de
955 505 1076 570 hoe
1140 503 1280 571 loco
1341 503 1807 572 Herwerdenue
1864 505 2115 573 Mnem.
2175 504 2298 573 XV
2352 527 2415 593 p.
2468 505 2599 573 316
2647 512 2714 574 et
2756 509 2977 575 scribit

598 610 939 678 manifesto
999 613 1194 678 verba
1254 633 1387 680 esee
1449 613 1841 680 defendentis
1907 635 1973 679 ee
2018 618 2237 680 contra
2280 633 2427 679 eum
2476 616 2589 699 qui
2630 613 2976 682 mollitiem

601 716 724 783 eibi
775 717 1177 804 exprobaseet
1221 721 1439 804 itaque
1486 720 1847 805 suspicatur
1892 722 2079 786 tertio
2124 739 2310 786 versu
2358 719 2760 786 scribendum
2810 742 2976 787 esee:

593 820 621 888 ὃ
670 824 748 890 σὺ
793 825 1082 902 ψέγεις
1133 824 1388 891 παθεῖν.
1480 826 1697 891 Nimis
1740 828 1981 892 incerta
2016 826 2181 891 mihi
2222 845 2297 892 ea
2336 827 2693 910 conjectura
2726 827 2980 896 videtur

592 936 658 996 et
725 929 863 995 fieri
921 951 1069 996 eane
1130 939 1372 1018 potest,
1435 938 1510 998 ut
1571 938 1819 998 amator
1881 933 1987 998 hie
2050 929 2523 998 meretriculam
2582 930 2973 1018 alloquatur;

595 1036 818 1121 quodsi
866 1057 989 1102 non
1041 1037 1354 1104 dissimile
1402 1041 1534 1104 veri
1584 1039 1911 1104 videbitur
1928 1085 1945 1116 ,
1994 1036 2161 1103 nihil
2204 1042 2301 1102 eet
2346 1057 2459 1102 eur
2496 1044 2685 1113 ποιεῖς
2728 1059 2979 1127 eorrup-

596 1147 738 1207 tum
787 1142 1154 1209 habeamus.
1247 1143 1348 1210 De
1392 1165 1581 1211 versu
1624 1144 1899 1211 seeundo
1944 1145 2097 1228 quin
2143 1144 2384 1211 vitium
2428 1141 2593 1222 alat,
2640 1143 2823 1210 nulla
2868 1145 2980 1214 du-

589 1249 819 1314 bitatio
865 1253 979 1315 eet.
1073 1247 1350 1316 Coniieit
1395 1249 1890 1316 Herwerdenus:

1042 1357 1147 1422 καὶ
1197 1365 1339 1430 ταῖς
1387 1356 1658 1439 ἑταίραις
1710 1356 1892 1434 ἡδέως
1942 1353 2181 1429 ποία-αις
2230 1353 2379 1437 ἔχω.

585 1463 904 1550 Equidem
943 1461 1204 1529 malim:

1041 1569 1234 1651 πρὸς
1289 1571 1408 1642 τὰς
1455 1569 1704 1650 ἑταίρας
1752 1569 1935 1646 ἡδέως
1982 1568 2199 1643 πόσας
2250 1567 2484 1650 ἔχων,

586 1696 747 1762 quae
809 1675 1049 1742 loeutio
1111 1679 1267 1742 eatis
1325 1683 1476 1744 nota
1537 1683 1650 1743 eet.
1750 1677 1945 1763 Apud
1992 1676 2425 1763 Antiphanem
2473 1679 2684 1762 ipsum
2728 1675 2970 1745 Athen.

591 1779 745 1848 XIV
807 1803 869 1867 p.
923 1780 1050 1846 641
1101 1783 1173 1860 F,
1234 1785 1586 1872 interrogat
1635 1787 1845 1851 neseio
1892 1785 2063 1869 quie:
2114 1784 2257 1862 πρὸς
2302 1782 2687 1860 ἀμυγδαλᾶς
2734 1782 2797 1848 δὲ
2847 1785 2974 1857 πῶς

587 1885 792 1966 {xcx-53
863 1889 1197 1974 respondet
1265 1889 1457 1955 alter:
1534 1891 1854 1968 εἷρηνικῶς.
1926 1890 2079 1968 Πρὸς
2145 1890 2214 1955 τὸ
2274 1888 2521 1968 πρᾶγμ’
2578 1889 2708 1970 ἔχω
2772 1894 2970 1962 κακῶς

586 1991 925 2060 Menandri
989 1995 1186 2060 verba
1252 2002 1401 2061 sunt
1471 1997 1638 2081 apud
1709 1994 2107 2062 Clementem
2169 1993 2408 2061 Strom.
2470 1993 2533 2060 11
2592 2015 2654 2081 p.
2724 1994 2849 2061 181
2908 1999 2973 2062 et

585 2119 768 2184 saepe
816 2120 1034 2165 omnes
1081 2120 1154 2167 eo
1198 2099 1389 2166 modo
1433 2099 1803 2187 loquuntur.
1898 2101 2188 2187 Denique
2221 2108 2445 2187 quarto
2478 2121 2666 2168 versu
2707 2099 2971 2169 arridet:

581 2213 911 2286 μαλακαῖς
985 2205 1355 2280 ἁπαλαῖς
1428 2227 1500 2270 τε
1569 2208 1771 2288 χερσί.
1868 2206 1973 2273 Sic
2032 2207 2289 2283 πληγὰς
2354 2206 2582 2286 λαβεῖν
2642 2207 2965 2274 ἁπαλαῖσι

580 2315 794 2393 χερσίν
865 2311 1140 2378 'Pimoeli
1209 2313 1278 2378 in
1352 2311 1601 2379 delieiia
1679 2319 1778 2379 eet
1864 2333 1964 2398 ap.
2037 2312 2273 2379 Athen.
2345 2313 2509 2380 XIII
2565 2334 2626 2399 p.
2694 2312 2828 2381 570
2892 2315 2969 2380 F.

583 2417 880 2485 'Penellae
929 2438 1157 2485 manue
1203 2418 1312 2485 hie
1355 2421 1591 2486 rectius
1639 2419 2312 2486 commemorabuntur
2357 2439 2551 2504 quam
2600 2419 2924 2505 pulchrae.

669 2630 1058 2719 Antiphanis
1119 2630 1338 2698 fabula
1381 2631 1507 2697 fuit
1554 2631 1849 2717 Equites,
1901 2633 2084 2698 cuiue
2129 2632 2254 2698 duo
2300 2632 2661 2719 fragmenta
2708 2638 2962 2699 servata

581 2744 730 2804 eunt
749 2786 764 2815 ‚
804 2758 963 2824 quae
987 2740 1054 2803 in
1077 2738 1329 2824 integra
1350 2737 1565 2804 fabula
1587 2738 1823 2826 exiguo
1846 2736 2185 2803 intervallo
2210 2737 2563 2814 dietabant,
2587 2760 2651 2824 p.
2682 2735 2765 2804 5¹7
2793 2737 2963 2804 mm

941 2848 1078 2914 Πῶς
1127 2840 1223 2909 οὖν
1273 2840 1889 2920 διαιτώμεσθας
1934 2853 1997 2907 Β.
2050 2845 2119 2908 τὸ
2167 2842 2281 2921 μὲν
2329 2843 2627 2925 ἐφίππιον

940 2948 1127 3028 :pest
1173 2948 1300 3018 ἐςὶν
1349 2949 1528 3026 ἡμῖν,
1580 2949 1606 3014 ὁ
1656 2948 1722 3014 δὲ
1767 2950 1957 3021 καλὸς
2009 2957 2187 3021 πῖλος
2240 2949 2488 3023 καλὸς

941 3052 1219 3134 ψυκτήρ·
1261 3054 1325 3119 τί
1369 3053 1630 3136 βούλεις
1686 3054 1873 3121 πάντ’
1922 3053 2324 3133 Ἀμαλθείας
2374 3054 2577 3135 κέρας.

579 3160 884 3227 Alterum
930 3167 1148 3225 autem
1195 3160 1630 3248 fragmentum
1679 3168 1811 3228 est:

1717 3270 1833 3335 τῶν
1881 3268 1935 3334 δ’
1983 3267 2273 3334 ἀκοντίων

1034 3373 1386 3447 συνδοῦντες
1433 3373 1588 3457 ὀρθὰ
1635 3376 1775 3455 τρία
1824 3375 2089 3457 λυχνείῳ
2134 3370 2466 3453 χρώμεθα.

578 3480 908 3549 Dobraeue
971 3485 1154 3547 acute
1216 3486 1280 3547 et
1327 3480 1650 3569 eleganter
1696 3484 1999 3547 coniecit:
2050 3480 2076 3553 ὃ
2126 3480 2189 3545 δὲ
2236 3482 2427 3554 καλὸς
2476 3488 2653 3552 πῖλος
2685 3528 2703 3559 ,
2756 3480 2965 3559 κάδος,

579 3587 820 3666 ψυκτήρ
889 3586 1079 3671 idque
1137 3587 1569 3672 recipiendum
1630 3586 1825 3665 duco,
1890 3586 1999 3653 sed
2064 3585 2218 3671 quid
2284 3592 2379 3651 eet
2439 3584 2604 3652 illud
2668 3592 2793 3661 πῶς
2866 3581 2964 3653 οὖν

579 3690 1046 3769 &retardato-32?
1115 3690 1581 3778 Colloquuntur
1641 3693 1767 3759 duo
1832 3696 2114 3779 equites,
2175 3696 2284 3777 qui
2342 3714 2477 3758 sese
2536 3696 2813 3759 invicem
2862 3713 2965 3759 co·-

574 3798 911 3865 hortantur
968 3799 1046 3865 ad
1096 3799 1591 3885 perpotandum;
1643 3799 1888 3887 degunt
1931 3802 1999 3865 in
2046 3802 2269 3865 caetris
2315 3803 2381 3865 et
2424 3798 2769 3865 domestica
2816 3820 2959 3886 eup-

573 3902 894 3992 pellectile
964 3904 1260 3971 destituti
1329 3906 1682 3971 abutuntur
1740 3907 1936 3971 armis
2003 3906 2082 3971 ad
2144 3908 2702 3982 comessationem3
2776 3903 2963 3991 galea

574 4030 688 4096 pro
750 4015 1040 4099 peyetere
1105 4013 1224 4075 erit
1273 4016 1337 4075 et
1383 4031 1459 4075 ex
1507 4010 1715 4076 tribue
1760 4010 1961 4077 hastis
2007 4009 2331 4099 colligatis
2375 4011 2607 4077 facient
2651 4018 2956 4091 λυχνεῖον.

573 4116 691 4183 Est
736 4117 854 4185 hoo
900 4115 1089 4183 facile
1135 4113 1489 4199 intellectu,
1537 4116 1649 4182 sed
1698 4119 1991 4202 potuitne
2038 4116 2199 4183 alter
2244 4120 2336 4183 eie
2374 4116 2655 4182 amicum
2694 4117 2962 4179 interro-

573 4244 761 4311 gare:
831 4229 958 4295 πῶς
1021 4219 1119 4288 οὖν
1179 4218 1652 4298 &andraea-Sat?
1716 4218 2109 4287 Crediderim
2153 4222 2445 4307 equidem
2491 4221 2963 4286 convenientius

573 4330 762 4397 scribi
821 4325 1478 4406 διαπινώμεσθα.
1572 4326 1746 4394 Nota
1803 4346 1904 4393 res
1960 4335 2091 4410 eet,
2154 4327 2231 4393 de
2278 4346 2404 4413 qua
2447 4325 2597 4393 vide
2642 4322 2959 4393 Cobetum

571 4436 640 4502 in
685 4434 927 4501 Mnem.
980 4434 1099 4500 VII
1143 4455 1204 4521 p.
1261 4432 1425 4511 165,
1475 4433 1670 4500 verba
1708 4454 1855 4499 cum
1897 4432 1995 4500 διὰ
2038 4435 2429 4519 composita,
2470 4453 2631 4519 qnae
2664 4444 2957 4500 certamen
