3369 5142
576 266 709 333 262
1568 282 1954 334 ηιαωτι

572 463 817 545 potest,
890 454 1000 523 sed
1058 478 1183 523 non
1242 459 1455 545 magis
1518 459 1934 544 probabimus
1989 453 2203 523 Grotii
2263 460 2722 543 conjecturam:
2787 455 2951 523 δειπ-

574 570 789 630 νοῦσιν.
858 564 991 631 Nec
1042 571 1257 631 tamen
1302 565 1461 631 latet
1507 565 1661 652 quid
1709 566 1878 630 dicat
1924 563 2154 628 misera
2199 583 2376 629 anns.
2427 562 2650 641 Domi,
2702 565 2948 649 inquit,

574 674 849 756 quinque
896 691 1150 737 sumus:
1200 676 1302 739 vir
1347 694 1563 757 meus,
1612 692 1731 759 ego
1777 675 1950 757 ipsa,
1997 669 2163 746 filia,
2205 668 2412 754 filius,
2453 672 2638 757 virgo
2678 669 2950 755 denique

574 776 921 865 Olynthia:
970 780 1138 846 lame
1184 780 1547 845 laboramus
1594 799 1846 855 omnes;
1891 798 2084 864 quam
2127 785 2342 843 autem
2385 798 2503 866 ego
2545 798 2692 842 cum
2717 780 2950 841 marito

572 888 828 951 unicam
898 886 1206 952 habemus
1273 885 1734 971 placentulam‚
1812 905 1954 950 eam
2016 887 2084 949 in
2145 905 2484 950 commune
2546 883 2948 950 conferimus.

572 989 743 1057 Hinc
790 990 905 1057 illa
952 994 1250 1057 continuo
1296 994 1746 1076 insequuntur:

1562 1098 1885 1178 Φθόγγους
1933 1098 1988 1161 δ’
2034 1095 2292 1175 ἀλύρους

1203 1206 1559 1281 θρηνοῦμεν,
1612 1204 1771 1268 ἔοι-ἄν
1817 1204 2005 1281 μηδὲν
2052 1201 2319 1289 ἔχωμεν,

1202 1318 1431 1391 χρῶμα
1480 1311 1531 1375 δ’
1580 1310 1806 1375 ἀσίτων
1857 1312 2025 1387 ἡμῶν
2071 1308 2250 1375 ὄντων

1204 1418 1498 1495 γίγνεται
1548 1417 1762 1497 ὠχρόν.

574 1522 742 1603 Quid
802 1525 1006 1610 igitur
1060 1543 1174 1609 pro
1222 1524 1578 1601 δειπνοῦμεν
1624 1523 2097 1589 rescribendum
2145 1526 2292 1590 est?
2339 1523 2403 1589 N
2404 1544 2481 1589 on
2529 1523 2953 1613 grammatica

572 1628 691 1695 hoc
760 1629 1040 1696 indicare
1110 1632 1377 1715 poterit,
1449 1630 1559 1696 sed
1628 1632 1770 1717 ipsa
1838 1631 1929 1695 rei
1995 1632 2156 1695 ratio
2215 1635 2674 1697 commonstrat
2733 1636 2953 1716 poetae

572 1756 839 1802 manum
889 1757 1049 1802 esse:

1158 1841 1384 1909 τούτων
1432 1845 1481 1909 οἱ
1531 1852 1691 1923 τρεῖς
1741 1842 1883 1920 μὲν
1930 1843 2350 1918 &Bran-voa„

571 1948 739 2035 quod
803 1970 1002 2035 quum
1051 1948 1210 2015 forte
1257 1953 1565 2035 scriptum
1614 1955 1776 2015 esset
1822 1948 1873 2015 οἱ
1920 1958 2080 2028 τρεῖς
2129 1948 2394 2013 ἄδειπνοι
2443 1949 2592 2033 μὲν,
2638 1947 2814 2015 locus
2857 1952 2950 2015 in-

572 2055 827 2121 felicem
876 2061 1288 2121 correctorem
1334 2064 1558 2122 nactus
1606 2063 1720 2121 est.
1819 2054 1999 2135 Quod
2045 2057 2178 2120 seni
2226 2065 2292 2119 et
2340 2056 2589 2121 vetulae
2635 2075 2758 2120 non
2797 2058 2952 2121 satis

574 2169 706 2245 est,
778 2161 845 2226 id
916 2171 1131 2227 tamen
1201 2164 1583 2247 impertiunt
1640 2162 1823 2226 'binis
1890 2160 2108 2227 liberis
2175 2167 2240 2226 et
2307 2161 2594 2227 ancillae.
2686 2160 2814 2227 Res
2881 2164 2949 2226 in

575 2271 785 2353 aprico
834 2273 951 2333 est.

660 2477 986 2543 Parasitus
1047 2478 1158 2563 qui
1218 2479 1560 2545 barbarum
1622 2478 1938 2563 quendam
1997 2478 2356 2545 sectabatur
2372 2526 2391 2557 ,
2440 2482 2534 2545 ita
2577 2480 2737 2545 dicit
2781 2479 2948 2566 apud

577 2584 920 2652 Alexidem
971 2585 1205 2650 Athen.
1252 2584 1372 2651 VII
1416 2607 1479 2672 p.
1531 2583 1663 2652 287
1707 2586 1793 2652 F:

1977 2693 2404 2773 ἐπιπονώτερον

933 2799 1104 2878 ἔργον
1149 2798 1249 2876 μοὶ
1297 2798 1400 2863 τὸν
1449 2797 1736 2865 Διόνυσον
1786 2801 1892 2864 οὐκ
1934 2798 2208 2880 εἴληφ’
2255 2799 2412 2876 ἐγώ,

930 2909 1051 3000 ἀφ’
1092 2903 1159 2972 οὖ
1205 2913 1547 2986 παρασιτῶ.
1596 2906 1975 2985 μεμβράδας
2023 2929 2126 2984 μοι
2176 2913 2445 2986 κρεῖττον
2493 2899 2559 2979 ἦν

931 3011 1099 3094 ἔχειν
1144 3016 1289 3090 μετ’
1337 3015 1641 3082 'Ar-rem}
1693 3014 2028 3090 δυναμένου
2074 3012 2307 3089 λέγειν.

570 3119 739 3194 Quid
809 3120 927 3186 hoc
996 3127 1093 3187 est
1162 3119 1335 3200 ἔργον
1400 3123 1504 3186 οὐκ
1566 3121 1781 3200 εἴληφ’
1846 3117 2011 3198 ἐγώῗ
2075 3119 2219 3184 Scio
2268 3119 2528 3205 quidem
2575 3123 2948 3186 recentiores

570 3225 802 3293 dixisse
864 3226 1034 3308 ἔργον
1099 3227 1323 3304 λαβεῖν
1387 3233 1452 3292 et
1510 3230 1779 3294 memini
1838 3229 2054 3313 ipsum
2103 3226 2258 3292 adeo
2302 3224 2666 3310 Amipsiam
2716 3229 2948 3292 veteris

486 3321 498 3330 ⁹
571 3332 929 3398 comoediae
976 3341 1225 3419 poetam
1272 3334 1618 3420 scripsisse:
1676 3335 1796 3411 ἐγὼ
1847 3333 1897 3397 δ’
1945 3336 2042 3398 ἷὼν
2091 3331 2465 3411 πειράσομαι
2514 3334 2597 3404 εἷς
2647 3335 2754 3408 την
2796 3334 2948 3409 οἰγο-

569 3439 679 3517 ροὶν
742 3435 913 3516 ἔργον
972 3439 1229 3517 λαβεῖν,
1294 3439 1359 3505 h.
1388 3461 1439 3506 e.
1506 3439 1824 3519 μισθῶσαι
1877 3437 2182 3522 ἐμαυτόν,
2230 3437 2370 3503 Mk.
2421 3458 2482 3523 p.
2534 3437 2686 3503 701.
2731 3439 2946 3505 Etiam

569 3543 840 3609 Photius
908 3566 1056 3610 eum
1128 3567 1318 3611 usum
1386 3549 1565 3612 verbi
1634 3549 1865 3620 λαβεῖν
1933 3543 2280 3610 inculcavit
2341 3545 2409 3608 in
2469 3565 2622 3611 voce
2668 3545 2838 3624 ἔργον
2885 3553 2948 3612 et

570 3652 832 3717 fortasse
880 3651 1049 3718 haud
1088 3656 1243 3718 satis
1283 3654 1669 3718 considerate
1709 3655 1775 3716 in
1815 3652 2092 3718 editione
2133 3671 2274 3716 mea
2311 3649 2522 3716 locum
2546 3651 2946 3737 interpolavi.

568 3758 629 3824 N
634 3779 712 3822 on
760 3766 973 3823 tamen
1018 3759 1216 3824 feram
1264 3757 1502 3840 εἴληφα
1554 3759 1720 3844 apud
1771 3757 2103 3824 Alexidem
2123 3805 2140 3836 ,
2184 3777 2334 3821 nam
2374 3760 2570 3823 etiam
2595 3757 2946 3842 perfect-um

568 3886 679 3951 pro
750 3868 979 3932 aoristo
1049 3865 1370 3932 offensioni
1439 3871 1551 3931 est.
1649 3863 1890 3950 Scripsi
1957 3862 2314 3930 uncialibus
2383 3863 2589 3929 literis
2652 3871 2718 3932 et
2777 3865 2947 3932 ultro

572 3974 871 4037 emicuit:
926 3974 1032 4037 οὐκ
1077 3969 1323 4044 ἔτλην
1374 3972 1517 4048 ἐγώ.

654 4179 1027 4252 ’Λσυνδέτως
1088 4180 1493 4266 proferuntur
1552 4181 1841 4247 Alexidis
1899 4182 2094 4247 verba
2140 4181 2372 4246 Athen.
2425 4177 2510 4243 VI
2555 4202 2618 4267 p.
2672 4181 2805 4249 258
2854 4183 2937 4249 B:

1014 4296 1227 4368 πεῖραν
1273 4285 1745 4364 ἐπεθύμουν
1791 4287 2038 4367 θατέρου
2085 4288 2226 4366 βίου
2273 4288 2525 4367 λαβεῖν,

1020 4389 1080 4458 ὃν
1125 4391 1357 4465 πάντες
1382 4391 1694 4460 ,εἰώθασιν
1741 4395 2054 4478 ὀνομάζειν
2103 4395 2281 4476 ὑγρόν
2320 4417 2336 4432 ·
