3369 5142
554 266 691 336 308
1574 288 1912 343 mosum.

552 459 933 547 praepositio
993 480 1106 525 suo
1170 458 1388 527 dativo
1450 468 1657 528 careat
1702 485 1952 531 necesse
1997 470 2112 531 est.
2205 465 2306 531 Ad
2355 466 2469 531 has
2519 463 2924 531 difficultates

558 567 973 653 expediendas
1027 588 1061 632 e
1121 588 1309 633 versu
1374 568 1454 633 ’71
1520 570 1858 658 vulgatam
1904 572 2194 638 codicum
2239 571 2578 639 lectionem
2628 571 2922 648 βουλεύει)

553 694 667 759 pro
712 672 941 751 βούλευ
986 673 1113 738 huc
1156 674 1478 740 transferri
1522 675 1743 743 velim.

644 801 740 848 vs.
792 780 919 848 127
966 802 1059 867 sq.

915 884 1049 952 οὐδέ
1096 912 1197 951 κεν
1242 886 1562 961 εἶκασσαις
1611 886 1810 967 ὥσπερ
1854 892 1992 953 ποτ’
2043 890 2104 961 ἐς
2150 888 2309 970 ὥριον
2357 888 2590 955 ἐλθών·

1016 994 1285 1057 πολλάκι
1333 994 1460 1074 γὰρ
1507 995 1755 1072 γνώμην
1801 993 2158 1071 ἐξαπατῶσ’
2206 997 2380 1063 ἰδέαι.

640 1102 749 1167 Ad
791 1120 1049 1166 versum
1106 1098 1232 1165 12¹7
1279 1121 1404 1167 van
1449 1099 1835 1167 Herwerden
1856 1150 1871 1179 ,
1923 1106 2024 1169 vir
2069 1124 2360 1169 summae
2397 1106 2816 1180 auctoritatis,
2858 1107 2926 1169 in

550 1208 715 1275 libro
790 1227 981 1293 supra
1048 1205 1304 1271 laudato
1373 1228 1432 1292 p.
1490 1207 1569 1273 51
1646 1207 1802 1273 haec
1873 1209 2059 1274 dicit:
2135 1210 2330 1295 „quid
2397 1211 2462 1275 h.
2487 1209 2536 1277 1.
2607 1214 2927 1297 scripserit

552 1314 872 1402 Theognis
932 1312 1193 1378 fortasse
1254 1334 1498 1398 semper
1556 1314 2010 1401 ignorabitur.”
2101 1315 2505 1401 Quamquam
2569 1338 2786 1383 vereor
2847 1340 2925 1383 ne

552 1428 790 1487 temere
854 1420 1053 1485 facere
1106 1420 1323 1484 videar
1344 1468 1361 1496 ‚
1428 1426 1503 1484 ut
1564 1419 1777 1485 locum
1847 1442 1883 1487 a
1929 1422 2046 1487 tali
2093 1425 2230 1487 viro
2277 1442 2476 1507 paene
2524 1424 2922 1509 desperatum

552 1535 693 1613 post
737 1526 1089 1591 multorum
1136 1528 1490 1590 tentamina
1527 1525 1731 1592 denuo
1772 1528 2088 1615 attingam
2107 1580 2124 1604 ‚
2171 1534 2386 1594 tamen
2409 1530 2528 1595 hoc
2551 1531 2716 1595 mihi
2741 1552 2924 1597 sumo

552 1638 627 1697 ut
672 1635 1097 1698 coniecturam
1116 1680 1131 1710 ,
1181 1652 1373 1716 quam
1420 1635 1657 1716 partim
1705 1632 1784 1699 ab
1831 1632 2270 1701 Heimsoethio
2293 1682 2310 1713 ‚
2355 1637 2495 1701 viro
2545 1635 2919 1713 clarissimo,

553 1750 923 1824 occupatam
972 1758 1105 1803 esse
1148 1738 1368 1816 vide0‚
1418 1741 1487 1802 in
1533 1738 1750 1804 medio
1795 1761 2044 1825 ponam.

643 1846 737 1911 Eo
784 1848 954 1912 enim
1004 1844 1171 1930 quod
1216 1850 1402 1930 poeta
1441 1845 1617 1923 dicit,
1656 1866 1840 1931 saepe
1879 1846 2014 1912 fieri
2051 1854 2126 1913 ut
2165 1850 2372 1933 specie
2412 1854 2476 1933 qt
2515 1849 2720 1915 forma
2744 1868 2924 1913 mens

550 1954 619 2018 in
666 1973 935 2018 errorem
983 1951 1341 2035 inducatur,
1390 1972 1649 2017 moveor
1698 1960 1770 2015 ut
1817 1974 1966 2018 cum
2009 1952 2454 2019 Heimsoethio
2492 1976 2595 2020 cre
2603 1954 2744 2019 iam
2778 1974 2924 2039 poe-

552 2066 687 2125 tam
736 2057 1065 2145 speculum
1128 2061 1439 2146 cogitasse
1500 2078 1775 2143 quocum
1837 2061 2114 2145 speciem
2176 2064 2638 2146 comparaverit
2657 2111 2675 2145 ,
2735 2068 2922 2145 atque

555 2164 821 2230 dixisse:

822 2268 958 2334 οὐδὲ
1005 2293 1106 2333 κεν
1154 2268 1475 2342 εἶκασσαις
1523 2268 1720 2350 ὥσπερ
1768 2270 1907 2334 ποτ’
1957 2270 2242 2351 ἔσοπτρον
2289 2272 2594 2354 ἐλέγχων.

556 2377 737 2457 Quod
796 2375 1182 2441 Heimsveth
1242 2379 1435 2441 metri
1501 2397 1720 2455 causa,
1769 2384 1845 2441 ut
1889 2378 2142 2443 videtur
2159 2430 2176 2464 ,
2225 2379 2534 2459 ἐσόπτρων
2585 2384 2880 2466 proponit
2899 2430 2916 2459 ,

553 2504 703 2549 nam
762 2485 997 2548 retinet
1042 2478 1239 2546 ἐλθών
1259 2532 1276 2567 ,
1327 2483 1545 2548 dubito
1590 2504 1748 2547 num
1797 2504 1869 2549 eo
1915 2484 2223 2551 vocabulo
2267 2484 2492 2574 lingua
2539 2484 2780 2555 Graeca
2827 2490 2920 2553 di·

544 2591 737 2657 tanda
782 2592 886 2656 sit.
980 2589 1371 2674 Praepositio
1419 2591 1557 2653 ποτὶ
1606 2592 1918 2674 reperitur
1961 2593 2156 2656 etiam
2202 2613 2296 2657 vs.
2351 2591 2504 2658 215.
2593 2594 2701 2659 Ad
2747 2615 2920 2659 sum-

545 2717 719 2763 mam
756 2694 971 2762 locum
1010 2698 1101 2760 sic
1139 2699 1545 2780 interpreter:
1587 2697 1708 2761 οὐδ’
1747 2695 1822 2760 ἂν
1862 2697 1930 2760 ἐκ
1969 2702 2076 2762 τοῦ
2117 2697 2306 2772 εἴδους
2349 2697 2544 2782 ὥσπερ
2571 2700 2916 2780 κατόπτρου

550 2805 753 2883 γνοίης
801 2803 903 2868 τὸν
952 2806 1081 2868 νοῦν
1127 2804 1253 2868 κτὲ.

637 2931 731 2978 vs.
787 2907 915 2978 15¹7

822 3014 973 3088 Ζεὺς
1024 3015 1147 3095 γάρ
1202 3040 1289 3080 τοι
1339 3015 1409 3080 τὸ
1455 3013 1765 3082 τάλαντον
1813 3017 2115 3098 ἐπιρρέπει
2163 3019 2397 3086 ἄλλοτε
2445 3019 2674 3094 ἄλλως.

637 3122 764 3191 Pro
824 3121 1035 3196 ἄλλως
1098 3124 1167 3188 in
1226 3121 1577 3188 Mutinensi
1634 3126 1874 3210 legitur
1920 3123 2116 3191 ἄλλωι
2140 3174 2156 3203 ,
2205 3127 2372 3212 quod
2415 3147 2542 3194 non
2587 3149 2664 3193 ex
2709 3125 2916 3200 ἄλλως

549 3229 967 3315 depravatum
1030 3249 1163 3294 esse
1224 3228 1480 3294 videtur
1539 3229 1649 3294 sed
1711 3251 1788 3294 ex
1851 3229 2040 3313 ἄλλῃ.
2133 3232 2275 3297 Hoc
2318 3232 2356 3297 J
2361 3234 2554 3299 acobo
2599 3232 2919 3321 Schegkio

548 3343 693 3402 ante
738 3335 952 3402 oculos
998 3336 1368 3401 versabatur
1408 3336 1888 3421 interpretanti:

909 3442 1162 3506 inclinat
1208 3442 1419 3504 libram
1464 3465 1622 3506 nunc
1665 3443 1780 3506 huc
1793 3491 1811 3521 ‚
1861 3445 2025 3508 modo
2069 3443 2347 3528 Iuppiter
2389 3447 2562 3512 illuc.

640 3569 734 3616 vs,
788 3546 919 3613 197
966 3569 1056 3633 sq.
1743 3601 1746 3604 ,

818 3659 1040 3733 χρῆμα
1086 3654 1140 3718 δ’
1186 3649 1214 3716 ὃ
1263 3654 1377 3730 μὲν
1426 3651 1651 3719 Διόθεν
1698 3653 1802 3719 καὶ
1850 3655 1958 3719 σὺν
2007 3655 2138 3738 δίκῃ
2184 3657 2350 3737 ἀνδρὶ
2399 3657 2655 3737 γένηται

906 3759 1010 3824 καὶ
1060 3757 1386 3843 καθαρῶς,
1436 3760 1555 3824 αἰεὶ
1626 3761 2007 3841 παρμόνιμον
2051 3761 2320 3828 τελέθει.

546 3865 747 3934 Nulla
789 3866 952 3930 ratio
990 3869 1087 3930 est
1124 3867 1513 3931 coniunctivi
1552 3866 1844 3952 γένηται,
1884 3870 2009 3950 nisi
2047 3868 2299 3956 legatur
2340 3867 2376 3935 ὅ
2415 3896 2533 3936 κεν.
2583 3873 2916 3940 Praeterea

540 3971 864 4057 yeneratim
910 3971 1193 4055 loquitur
1236 3975 1423 4055 poeta
1436 4019 1453 4054 ,
1502 3991 1627 4036 non
1670 3973 2019 4054 singulatim
2033 4020 2049 4053 ‚
2095 3982 2161 4041 et
2203 3982 2374 4043 recte
2417 3982 2614 4044 vertit
2657 3978 2912 4046 Sitsler:

552 4097 1000 4165 „quaecunque
1044 4074 1199 4142 res.'’

640 4205 733 4254 vs.
787 4181 917 4248 419
965 4202 1057 4266 sq.

730 4287 950 4356 Πολλά
995 4313 1078 4366 με
1127 4289 1231 4353 καὶ
1282 4290 1558 4354 συνιέντα
1604 4290 2021 4372 παρέρχεται·
2071 4296 2224 4362 ἀλλ’
2271 4297 2374 4362 ὑπ’
2419 4295 2701 4377 ἀνάγκης

819 4400 1007 4476 σιγῶ,
1056 4397 1411 4475 γιγνώσκων
1462 4397 1752 4479 ὑμετέρην
1801 4397 2076 4480 δύναμιν.
