3369 5142
623 312 753 383 442
1599 332 2020 385 mucYmnss.

708 504 999 591 Thucyd.
1046 502 1166 569 IV.
1220 503 1330 569 20.
1379 506 1440 569 3.
1491 504 1597 568 ἐάν
1646 527 1716 567 τε
1763 506 1960 581 γνῶτε
2007 502 2578 581 ΛακεδαιμονίΟΙΟ
2619 502 2812 581 ἔξεςιν
2856 504 2997 581 ὑμῖν

618 610 838 693 φίλους
902 608 1181 688 γενέσθαι
1244 609 1524 688 βεβαίως
1591 611 1791 674 αὐτῶν
1853 634 1922 674 τε
1988 609 2606 691 προκαλεσαμένΩΝ
2653 608 3002 689 χαρισαμέ·

620 726 795 781 vole
856 742 927 781 τε
989 720 1232 793 μᾶλλον
1286 715 1318 791 ἢ
1366 713 1852 793 βιασαμένΟΙΟ.
1933 715 2338 804 Thucydides
2394 718 2640 783 dixerat
2687 718 3002 783 Λακεδαι-

620 825 897 902 μονίΩΝ
960 820 1118 898 ἷξες-ι
1188 860 1266 871 --
1338 819 1954 903 προκαλεσαμένΩΝ
2013 828 2088 889 ut
2151 824 2293 901 ὑμῖν
2343 860 2428 871 —-
2472 824 3001 904 χαρισαμένΟΙΕ.

624 929 896 995 Perinde
944 928 1100 993 bene
1148 928 1382 993 dicitur
1427 928 1601 1008 φίλοι
1648 926 2152 1005 Λακεδαιμονίων
2201 935 2266 992 et
2315 929 2843 1007 Λακεδαιμονίοις.

715 1142 1006 1228 Thucyd.
1076 1138 1183 1204 IV.
1250 1140 1361 1207 21.
1412 1138 1472 1203 2.
1524 1141 1575 1203 οἱ
1625 1138 1689 1202 δὲ
1741 1140 2103 1224 (Ἀθηναῖοι)
2150 1142 2270 1213 τοὶς
2317 1141 2431 1218 μὲν
2479 1140 2746 1213 σπονδὰς
2800 1141 3002 1227 [ἔχον-

626 1270 728 1321 τες
790 1248 929 1319 τοὺς
990 1243 1213 1326 ἄνδρας
1279 1246 1338 1308 ἕν
1399 1252 1477 1325 τῇ
1522 1244 1706 1329 νήσῳ]
1761 1244 1867 1320 ἤδη
1915 1244 2128 1325 σφίσιν
2177 1245 2446 1327 ἐνόμιζον
2493 1248 2768 1325 ἑτοίμους
2809 1244 3001 1325 εἶναι,

629 1352 857 1419 ὁπόταν
925 1352 1273 1428 βούλωνται
1341 1352 1663 1436 [ποιεῖσθαι
1729 1350 1872 1431 πρὸς
1938 1350 2230 1436 αὑτούς],
2290 1356 2397 1417 τοῦ
2445 1352 2508 1419 δὲ
2557 1353 2830 1425 πλείονος
2877 1354 3007 1433 ὠρέ-

631 1482 829 1539 γοντο.
902 1458 1200 1543 Expunxi
1270 1455 1425 1521 olim
1497 1459 1859 1541 importuna
1926 1458 2120 1523 verba
2182 1459 2478 1523 ποιεῖσθαι
2538 1461 2682 1540 πρὸς
2746 1461 3006 1545 αὐτούς,

626 1586 789 1651 quae
858 1562 1242 1627 Herwerden
1308 1564 1545 1645 optime
1616 1560 1877 1629 delevit.
1970 1560 2285 1648 Compara
2351 1564 2566 1629 locum
2633 1565 2716 1629 ΙΙ.
2785 1563 2889 1630 84.
2943 1569 3002 1631 2.

632 1671 736 1735 καὶ
785 1670 893 1743 risu
942 1670 1317 1746 ἐπιχείρησιν
1370 1667 1475 1746 ἐφ’
1527 1668 1725 1749 ἑαυτῷ
1777 1664 2044 1747 ἐνόμιζεν
2091 1664 2282 1753 εἶναι,
2323 1668 2551 1735 ὅπόταν
2589 1670 2912 1749 βούληται.

718 1776 1051 1841 Praeterea
1117 1776 1333 1861 gravis
1400 1776 1674 1857 suspicio
1744 1775 1981 1858 premit
2041 1774 2235 1841 verba
2294 1774 2540 1855 ἔχοντες
2601 1776 2740 1849 τοὺς
2785 1774 3006 1859 ἄνδρας

629 1884 688 1948 ἐν
749 1892 825 1964 τῇ
890 1883 1079 1961 νήσῳ,
1131 1900 1281 1945 nam
1332 1899 1457 1965 qua
1500 1884 1752 1943 tandem
1803 1882 2043 1945 ratione
2089 1880 2204 1945 illo
2255 1887 2536 1967 tempore
2584 1882 3003 1949 Athenienses

631 1989 757 2053 dici
802 1991 1067 2073 possunt
1112 1992 1223 2050 aut
1268 1986 1389 2050 sibi
1440 1984 1645 2049 videri
1693 1984 1860 2064 ἔχειν
1907 1985 2045 2058 τοὺς
2097 1984 2316 2066 ἄνδρας
2360 1990 2417 2052 ἕν
2461 1997 2539 2070 τῇ
2579 1987 2776 2071 unbem?
2813 1990 3006 2055 Prae-

629 2102 800 2159 terea
844 2093 1279 2157 nominativus
1327 2088 1573 2173 ἔχοντες
1626 2110 1751 2155 non
1797 2093 1952 2157 satis
1997 2095 2346 2159 sententiae
2380 2097 2678 2182 congruit
2717 2100 2782 2160 et
2820 2096 3009 2162 verba

630 2204 921 2285 suspecta
990 2219 1115 2265 non
1182 2217 1297 2263 suo
1357 2196 1497 2262 loco
1553 2199 1762 2281 posita
1823 2203 2003 2281 sunt,
2072 2218 2222 2263 nam
2271 2205 2442 2265 arcte
2489 2202 2824 2266 coniuncta
2861 2206 3006 2266 sunt

630 2308 746 2379 τὰς
796 2306 1059 2378 σπονδὰς
1109 2304 1217 2380 ἤδη
1266 2303 1481 2385 σφίσιν
1528 2301 1797 2385 ἐνόμιζον
1845 2304 2120 2382 ἑτοίμους
2171 2300 2343 2369 εἶναι.

718 2516 1011 2608 Thucyd.
1064 2514 1178 2582 IV.
1229 2514 1335 2582 21.
1390 2512 1450 2580 3.
1497 2516 1749 2593 μέλις-α
1798 2515 1849 2580 δ’
1889 2515 2112 2590 αὐτοὺς
2164 2518 2342 2596 ἐνῆγε
2387 2520 2592 2587 Κλέων
2643 2524 2670 2588 o‘
2720 2522 3008 2590 Κλεαινέ-

628 2649 733 2690 του
796 2624 971 2710 [ἀνὴρ
1037 2623 1413 2701 δημαγωγὸς
1477 2627 1622 2686 κατ’
1684 2621 1903 2686 ἐκεῖνον
1962 2624 2064 2688 τὸν
2125 2625 2335 2705 χρόνον
2383 2628 2460 2692 ὧν
2505 2628 2608 2695 καὶ
2661 2631 2744 2709 ’τῷ
2793 2631 3009 2704 πλήθει

628 2731 1099 2812 πιθανώτατος]
1178 2729 1455 2794 Evidens
1518 2731 1585 2791 in
1650 2719 1870 2813 paucis
1935 2729 2253 2796 emblema
2317 2733 2572 2798 tandem
2631 2734 3015 2802 Herwerden

628 2835 890 2902 sustulit
950 2841 1118 2900 recte
1182 2855 1558 2918 componens
1605 2832 1816 2898 locum
1869 2833 1984 2900 ΠΙ.
2038 2833 2142 2900 36.
2197 2835 2258 2902 6.
2319 2837 2521 2904 Κλέων
2571 2842 2599 2905 ὁ
2649 2841 3012 2908 Κλεαινέτου

632 2982 713 2992 —
778 2943 854 3007 ὢν
915 2941 1019 3005 καὶ
1088 2941 1145 3012 ἐς
1210 2935 1425 3004 τᾶλλα
1478 2937 1844 3016 βιαιότατος
1895 2949 2010 3006 τῶν
2060 2944 2323 3006 πολιτῶν
2371 2947 2455 3025 τῷ
2503 2971 2572 3009 τε
2622 2946 2791 3028 δήμῳ
2840 2948 3008 3029 παρὰ

629 3050 789 3114 πολὺ
840 3050 899 3112 ἐν
943 3047 1026 3128 τῷ
1076 3047 1217 3110 τότε
1266 3045 1704 3114 πιθανώτατος.
1779 3045 1948 3112 Hinc
1996 3047 2229 3114 sciolus
2270 3071 2386 3115 sua
2432 3053 2664 3118 sumsit
2711 3055 2818 3118 sed
2867 3055 3012 3120 vide

631 3177 822 3240 quam
886 3157 1116 3239 inepte.
1213 3151 1400 3236 Apud
1462 3172 1682 3218 verum
1749 3149 2191 3240 Thucydidem
2260 3157 2473 3222 omnia
2519 3161 2758 3244 optime
2805 3181 3012 3244 proce-

633 3260 825 3325 dunt:
900 3261 1061 3346 apud
1128 3257 1569 3343 Thucydidem
1630 3263 2033 3343 personatum
2103 3262 2384 3344 primum
2439 3263 2583 3343 ἀνὴρ
2633 3263 3011 3344 δημαγωγός

630 3368 857 3432 vitiose
902 3371 965 3429 et
1012 3369 1227 3460 contra
1276 3365 1633 3426 Atticorum
1683 3364 2202 3428 consuetudinem
2252 3366 2494 3432 dictum
2547 3376 2674 3454 est,
2722 3371 2828 3436 sed
2877 3392 3013 3456 per-

630 3471 973 3536 absurdum
1046 3474 1142 3534 est
1202 3468 1365 3553 quod
1427 3469 1740 3551 sequitur:
1807 3472 1951 3532 κατ’
2017 3471 2232 3535 ἐκεῖνον
2293 3470 2396 3536 τὸν
2451 3473 2665 3557 χρόνον
2711 3477 2786 3540 ὧν
2810 3525 2827 3556 ,
2879 3477 3012 3542 sive

629 3597 741 3662 per
810 3596 877 3640 se
946 3573 1275 3660 spectanda
1351 3574 1503 3637 haec
1574 3575 1767 3639 verba
1829 3583 2013 3659 sunt,
2076 3597 2198 3640 non
2259 3582 2506 3661 poterat
2570 3580 2738 3644 enim
2791 3602 3008 3666 pacem

630 3680 939 3764 impedire
996 3681 1120 3744 nisi
1176 3679 1289 3745 illo
1335 3683 1617 3763 tempore
1656 3679 1954 3756 vixisset,
2006 3683 2142 3746 sive
2189 3685 2626 3770 coniungenda
2671 3693 2822 3752 sunt
2869 3687 3009 3750 κατ’

632 3787 847 3850 ἐκεῖνον
908 3784 1008 3848 τὸν
1071 3783 1280 3864 χρόνον
1350 3787 1424 3850 ὢν
1471 3784 1616 3863 ἀνὴρ
1665 3785 2082 3863 δημαγωγός,
2135 3807 2257 3853 non
2305 3789 2588 3856 solebant
2635 3794 2809 3856 enim
2857 3792 3007 3858 Ora-

630 3898 796 3956 tores
843 3895 1045 3956 artem
1093 3890 1391 3954 desinere.

720 3995 967 4064 Similis
1034 3996 1187 4060 huic
1252 3996 1419 4079 apud
1474 3993 1917 4085 Thucydidem
1983 3997 2159 4064 locus
2205 4005 2299 4064 est
2345 4000 2452 4064 VI.
2509 3999 2616 4066 35.
2676 4000 3007 4080 ’Aonvoeyd-

630 4127 770 4184 ρας,
842 4099 903 4172 ὃς
974 4101 1164 4178 δήμου
1235 4124 1305 4163 τε
1370 4099 1675 4178 προς-ἄτης
1744 4098 1808 4175 ἦν
1873 4103 1974 4166 καὶ
2051 4106 2111 4167 ἐν
2158 4105 2242 4184 τῷ
2295 4105 2544 4186 παρόντι
2595 4111 2998 4176 πιθανώτατος

634 4219 759 4280 τοῖς
809 4214 1086 4292 πολλοῖς,
1132 4227 1254 4290 quo
1296 4209 1572 4290 pertinet
1611 4210 1936 4273 annotatio
1975 4209 2140 4275 Aelii
2181 4211 2477 4298 Dionysii
2511 4214 2677 4298 apud
2701 4213 3008 4278 Photium

630 4315 1055 4385 Πιθανώτατος
1104 4319 1227 4384 τοῖς
1276 4319 1564 4384 πολλοῖςε
1617 4313 1643 4375 ὁ
1693 4313 2102 4387 πιςικώτατος
2150 4318 2253 4382 καὶ
2305 4319 2520 4382 πείθων
2560 4319 2696 4392 τοὺς
2741 4319 3005 4390 πολλοὺς

627 4420 800 4499 παρὰ
851 4419 1225 4505 Θουκυδίδῃ.ξ
