3369 5142
604 247 735 313 340
1636 267 1862 318 rma-0.

600 435 816 511 ἄλλοις
863 462 932 503 τε
980 447 1233 513 πολλοῖς
1279 440 1601 522 ἀνθρώποις
1649 443 1754 508 καὶ
1806 439 2055 520 μάλιςοι
2091 442 2286 524 ἑοιυτῷ
2309 491 2328 518 ,
2369 435 2523 506 εἶναι
2569 439 2621 506 δ’
2661 440 2744 521 οὔ,
2794 441 2966 508 idem

602 543 679 610 de
722 548 987 611 caeteris
1034 546 1328 612 omnibus
1373 549 1706 636 sentiebat.

685 755 843 846 Pag.
907 756 1055 823 329.
1108 777 1178 823 a:
1242 757 1438 839 ὥσπερ
1501 761 1584 825 τά
1642 770 1928 841 χαλκεῖα
1993 761 2323 839 πληγέντα
2388 763 2616 840 μακρὸν
2667 763 2818 841 ἦχεῖ
2859 759 2962 826 καὶ

597 865 941 944 ἀποτείνει,
1013 865 1119 930 ἐὰν
1184 869 1271 944 μὴ
1336 866 1732 945 ἐπιλάβητοιί
1789 893 1906 940 τις.
1969 868 2276 935 Absolute
2329 871 2605 954 positum
2656 869 2963 934 ἀποτείνει

598 993 785 1038 sensu
843 993 1119 1038 vacuum
1183 978 1299 1039 est.
1360 972 1583 1058 Itaque
1629 974 1920 1040 Platonis
1965 996 2232 1040 manum
2277 975 2439 1040 hane
2485 996 2617 1041 esse
2667 976 2970 1041 arbitror:

597 1081 831 1160 μακρὸν
878 1075 1092 1160 ἦχΟΝ
1147 1081 1492 1158 ἀποτείνει,
1539 1085 1615 1147 ut
1662 1084 1912 1166 saepius
1959 1081 2124 1146 dixit
2171 1082 2402 1160 μακρὸν
2450 1080 2676 1159 λόγον,
2724 1083 2974 1162 μακρὰν

595 1191 763 1270 ῥῆσιν
810 1187 1183 1262 ἀποτείνειν,
1232 1183 1435 1253 veluti
1485 1207 1633 1275 pag.
1684 1186 1816 1252 335
1863 1207 1930 1252 c:
1980 1188 2357 1253 ἀποτείνοντι
2405 1190 2676 1270 μακροὺς
2723 1187 2970 1265 λόγους.

599 1299 664 1359 et
709 1314 855 1382 pag.
910 1291 1039 1358 336
1087 1316 1147 1358 c:
1196 1295 1429 1374 μακρὸν
1474 1295 1661 1370 λόγον
1708 1296 2061 1360 ἀποτείνων.
2113 1302 2175 1360 et
2222 1316 2370 1382 pag.
2426 1293 2576 1359 361.
2617 1312 2688 1358 a:
2739 1295 2974 1374 μακρὸν

600 1399 786 1479 λόγον
848 1399 1126 1480 ἐκάτερος
1176 1400 1610 1476 ἀπετείνοιμεν.
1664 1403 1738 1464 de
1783 1401 1932 1484 Rep.
1984 1421 2134 1489 pag.
2187 1399 2339 1467 605.
2387 1403 2461 1465 d:
2513 1401 2760 1480 μακρὰν
2809 1405 2973 1482 ῥῆσιν

600 1505 1021 1600 ἀποτείνοντοι.
1123 1506 1304 1587 Gor-9.
1383 1527 1529 1594 pag.
1598 1505 1749 1571 465.
1799 1528 1862 1570 e:
1935 1507 2003 1570 σὲ
2071 1508 2177 1572 οὐκ
2249 1507 2354 1570 ε’ὥν
2416 1507 2687 1588 μακροὺς
2751 1505 2970 1586 λόγους

600 1611 810 1690 λέγειν
857 1612 1042 1683 αὐτὸς
1093 1613 1315 1695 συχνὸν
1361 1614 1547 1692 λόγον
1592 1612 1986 1678 ἀποτέτακά.

690 1823 851 1912 Pag.
923 1822 1073 1888 333.
1124 1829 1187 1888 b:
1238 1818 1361 1903 ἀρά
1406 1823 1501 1896 τίς
1552 1846 1641 1889 σοι
1691 1823 1856 1889 δοκεῖ
1895 1823 2112 1890 ἀδικῶν
2161 1822 2462 1903 ἄνθρωπος
2511 1828 2832 1904 σωφρονεῖν
2883 1821 2973 1889 ὅτι

604 1931 835 2009 ἀδικεῖ;
899 1930 1232 2015 respondet
1295 1929 1710 2018 Protagoras:
1775 1930 2184 2013 αἰσχυνοίμην
2247 1929 2324 1995 ἂν
2387 1928 2628 2008 ἔγωγε,
2703 1929 2862 2012 ἔφη,
2929 1927 2972 1994 ὦ

604 2037 965 2122 Σώκρατες,
1031 2041 1210 2101 τοῦτο
1270 2037 1631 2120 ὁμολογεῖν,
1682 2037 1815 2102 ἐπεὶ
1865 2039 2088 2102 πολλοί
2134 2034 2212 2115 γέ
2259 2045 2421 2116 Φάσι
2469 2043 2586 2102 τῶν
2633 2037 2969 2118 ἀνθρώπων.

602 2142 845 2209 Vitiose
907 2144 1151 2208 dietum
1207 2147 1303 2208 est
1364 2143 1579 2208 πολλοὶ
1642 2149 1759 2208 τῶν
1807 2144 2122 2224 ἀνθρώπων
2142 2193 2159 2228 ,
2206 2143 2619 2228 quamobrem
2666 2141 2985 2208 Heindorf

604 2249 709 2336 (οἱ)
772 2250 988 2314 πολλοὶ
1051 2254 1167 2314 τῶν
1230 2249 1544 2331 ἀνθρώπων
1602 2252 1976 2335 reponebat,
2034 2253 2248 2316 minus
2307 2256 2496 2315 reete.
2561 2247 2756 2315 Deest
2802 2253 2974 2315 enim

603 2355 845 2442 aliquid
895 2355 972 2421 ad
1020 2357 1369 2421 sententiae
1412 2358 1848 2444 integritatem
1899 2363 1961 2420 et
2007 2362 2081 2421 ut
2126 2356 2449 2422 Homerus
2491 2357 2683 2421 dicit:
2728 2351 2831 2422 οἶοι
2877 2360 2976 2420 νῦν

601 2464 810 2544 βροτοί
894 2464 1005 2527 εἶσι
1035 2511 1051 2540 ,
1144 2463 1235 2526 sic
1306 2460 1495 2527 Plato
1564 2462 1844 2528 dixerat:
1916 2462 2130 2527 πολλοὶ
2201 2469 2316 2526 τῶν
2388 2470 2568 2528 ΝΤΝ
2638 2463 2974 2542 ἀνθρώπων.

599 2569 893 2656 Namque
942 2567 1217 2635 Socratis
1264 2571 1546 2634 maxime
1593 2574 1798 2633 aetate
1845 2567 2224 2634 exstiterunt
2268 2569 2560 2636 homines
2597 2569 2871 2655 improbi
2912 2573 2975 2634 et

599 2678 1003 2764 impudentes
1021 2725 1038 2754 ,
1106 2678 1215 2761 qui
1276 2675 1662 2741 iniustitiam
1727 2677 1976 2740 iustitia
2035 2678 2349 2760 potiorem
2413 2697 2544 2742 esse
2591 2677 2976 2743 demonstra-

601 2786 789 2869 bant,
858 2788 935 2849 ut
994 2782 1508 2869 Thrasymachus
1567 2782 1633 2845 in
1697 2780 1878 2847 libris
1939 2788 2006 2845 de
2070 2782 2218 2865 Rep.
2281 2781 2330 2847 Ι.
2397 2803 2545 2870 pag.
2595 2780 2746 2847 343.
2795 2784 2841 2846 d
2880 2782 2974 2848 ita

602 2891 840 2958 dicens:
887 2889 1113 2960 δίκαιος
1152 2890 1297 2967 ἀνὴρ
1339 2887 1547 2952 ἀδίκου
1587 2892 1925 2968 πανταχοῦ
1964 2886 2223 2955 ἔλαττον
2263 2884 2428 2971 ἔχει.
2471 2888 2552 2954 ef.
2577 2908 2725 2977 pag.
2753 2886 2882 2953 359
2913 2912 2970 2953 a.

691 3104 854 3194 Pag.
909 3103 1063 3171 333.
1116 3126 1181 3170 0:
1230 3101 1477 3183 πότερον
1523 3098 1624 3167 οὖν
1670 3102 1815 3183 πρὸς
1863 3101 2122 3175 ἐκείνους
2168 3102 2273 3167 τὸν
2319 3102 2504 3181 λόγον
2551 3104 2882 3181 ποιήσομαι
2937 3102 2970 3174 ἢ

602 3212 743 3293 πρὸς
809 3210 917 3289 ‹rc-‘3
986 3210 1281 3297 Ineptum
1352 3214 1448 3275 est
1508 3230 1585 3273 ex
1648 3206 1860 3293 aliquo
1923 3228 2250 3293 quaerere:
2316 3207 2564 3290 πότερον
2626 3208 2731 3274 τὸν
2792 3207 2975 3287 λόγον

601 3320 999 3403 ποιήσομαι,
1048 3318 1197 3403 quia
1242 3335 1426 3382 nemo
1466 3313 1532 3380 id
1575 3317 1733 3380 seire
1770 3318 1998 3399 potest.
2046 3312 2378 3400 Spernitur
2413 3313 2767 3380 Heindorfii
2807 3320 2976 3380 certa

604 3427 961 3493 emendatio
1010 3424 1413 3500 ποιῆσΩμοιι.

690 3535 873 3601 Idem
935 3530 1242 3598 mendum
1308 3528 1633 3594 sublatum
1701 3532 1796 3593 est
1860 3549 2011 3616 pag.
2061 3524 2214 3593 334.
2265 3532 2333 3592 d:
2385 3529 2418 3602 ἢ
2468 3526 2840 3610 βραχύτερά
2887 3552 2975 3593 σοι

600 3641 1035 3723 ἀποκρίνΟμοιι
1105 3637 1138 3714 ἢ
1204 3636 1329 3713 δεῖς
1394 3640 1458 3701 et
1520 3633 1769 3715 πότερον
1831 3628 1927 3697 οὖν
1983 3631 2098 3699 ὅσοι
2167 3635 2296 3711 ἐμοὶ
2348 3634 2513 3699 δοκεῖ
2559 3674 2640 3684 —
2693 3634 2973 3701 τοσοιῦτά

603 3774 690 3817 σοι
757 3746 1189 3828 ἀποκρίνομαι
1249 3742 1282 3818 ἢ
1331 3737 1450 3807 ὅσοι
1496 3742 1589 3807 σοι’
1598 3762 1615 3820 3
1666 3741 2004 3825 utrobique
2051 3744 2294 3807 veteres
2341 3746 2718 3809 correctores
2763 3744 2975 3807 rectis-

601 3860 763 3925 sime
809 3855 1229 3955 restituerunt
1274 3848 1744 3930 ἀποκρίνΩμάι.

694 4069 853 4158 Pag.
902 4066 1032 4133 333
1070 4069 1138 4131 d:
1186 4062 1407 4130 ἔπειτα
1445 4062 1650 4140 μέντοι
1693 4062 2107 4143 συνεχώρησεν
2149 4063 2594 4144 ἀποκρίνεσθαι.
2629 4064 2971 4151 Receptam

604 4179 883 4264 oportuit
927 4173 1285 4259 Hirsehigii
1334 4168 1842 4235 emendationem
1885 4169 2134 4251 ἀποκριν
2144 4173 2386 4236 elo-om.
2439 4172 2758 4238 Futurum
2807 4175 2976 4239 enim

601 4305 727 4350 non
785 4286 1001 4349 minus
1060 4278 1487 4345 necessarium
1548 4282 1644 4342 est
1689 4296 1879 4362 quam
1926 4278 1992 4341 in
2039 4277 2433 4357 ὡμολόγησεν
2483 4280 2974 4361 ἀποκρινεῖσθαι,

604 4396 668 4459 et
714 4388 1025 4470 ὑπέσχετο
1073 4386 1546 4467 ἀποκρινεῖσθαι.
