3369 5142
1375 328 1758 377 comicorum.
2629 310 2758 376 433

833 526 881 563 π
898 500 940 565 οἱ
960 526 989 563 ν
1008 525 1045 563 τ
1062 527 1089 563 ε
1112 527 1137 571 ς
1188 507 1444 564 τελῶναι
1499 503 1730 573 πάντες
1782 501 1928 565 εἱσὶν
1976 498 2306 579 ἅρπαγες.,

381 608 527 673 vide
570 628 727 671 num
775 609 1025 691 probari
1075 608 1305 692 possit:
1358 604 1399 669 οἳ
1418 607 1497 670 νδ
1514 632 1543 685 ρ
1562 634 1589 671 ε
1610 635 1637 677 ς
1689 614 1967 671 τελῶναι.

472 818 691 882 Restat
754 824 825 882 ut
884 840 1101 902 pauca
1134 820 1336 883 dicam
1383 820 1459 883 ds
1507 821 1885 905 trag-mentis
1935 820 2336 887 Comicorum
2390 824 2756 907 Anonymo-

382 947 563 1000 rum,
620 926 849 1009 quibus
896 924 1107 987 multa
1150 924 1433 988 admixta
1480 932 1628 989 sunt
1674 930 2004 1012 perexigui
2047 931 2253 1011 pretii.
2303 928 2374 989 P.
2421 925 2548 989 604
2591 926 2766 989 affert

382 1031 747 1097 Meinekius
794 1053 869 1095 ex
918 1029 1257 1095 Aristotele
1300 1032 1779 1095 hexametrum:

745 1137 1097 1211 πεντήκοντ’
1150 1137 1369 1213 ἀνδρῶν
1417 1139 1633 1202 ἑκατὸν
1683 1140 1829 1202 λίπε
1882 1142 1999 1209 δῖος.-
2055 1142 2422 1221 Ἀχιλλεύς.

382 1244 765 1329 Exemplum
835 1250 929 1307 est
995 1243 1453 1325 amphiboliae,
1520 1246 1683 1328 quod
1747 1246 2070 1311 Meinekio
2119 1250 2580 1331 incompertum
2634 1252 2765 1327 est,

385 1351 550 1413 unde
596 1351 865 1433 petitum
916 1351 1027 1425 sit,
1084 1350 1307 1413 deinde
1354 1350 1533 1413 addit
1581 1348 1824 1435 Cyclioi
1875 1352 2136 1416 fortasse
2177 1356 2471 1417 carminis
2512 1373 2765 1415 versum

387 1478 541 1521 esse.
636 1455 757 1521 Sed
822 1458 1114 1540 potuitne
1176 1458 1325 1539 quis,
1380 1477 1688 1539 umquam
1737 1460 1856 1521 nisi
1907 1459 2166 1523 sortasse
2215 1482 2325 1543 per
2371 1461 2584 1523 iocum
2635 1466 2766 1523 tam

386 1561 579 1627 stulte
642 1560 954 1626 scribere?
1016 1561 1272 1646 Repone
1322 1561 1509 1624 κτάνε
1556 1584 1668 1647 pro
1717 1564 1896 1639 λίπε,
1951 1567 2296 1630 sententiae
2341 1566 2598 1650 perinde
2649 1569 2769 1629 erit

386 1674 450 1733 et
494 1669 659 1732 nihil
701 1668 1113 1732 lucrabimur.
1164 1668 1409 1731 Fierine
1458 1672 1691 1751 poterit
1731 1692 2034 1753 umquam
2061 1720 2074 1745 ‚
2115 1678 2188 1735 ut
2229 1672 2375 1735 talis
2418 1670 2768 1735 versiculus

386 1776 489 1839 vel
551 1776 855 1839 mediocri
916 1780 1101 1859 poeta
1168 1796 1287 1837 non
1350 1794 1599 1851 prorsus
1660 1776 1966 1863 indignus
2014 1776 2350 1843 videatur?
2399 1779 2616 1841 Potest
2665 1777 2768 1859 id,

388 1885 641 1967 opinor,
694 1880 831 1944 fieri
877 1887 940 1944 et
988 1880 1241 1963 quidem
1293 1883 1415 1945 sic:

662 1988 1015 2057 πεντήκοντ’
1066 1988 1281 2061 ἀνδρῶν
1332 1988 1549 2049 ἑκατὸν
1602 1990 1848 2053 κτάνε
1899 1994 2014 2060 δῖος
2067 1992 2443 2071 Ἀχιλλεύς,

666 2095 1019 2165 πεντήκοντ’
1070 2096 1288 2171 ἀνδρῶν
1338 2096 1557 2157 ἑκατὸν
1604 2098 1797 2159 λίπε
1845 2098 1964 2167 δῖος
2015 2100 2378 2177 Ἀχιλλεύς.

396 2201 489 2266 De
550 2202 849 2287 gustibus
910 2220 1033 2263 non
1079 2207 1173 2265 est
1221 2200 1712 2285 disputandum;
1761 2205 1940 2267 nobis
1989 2203 2113 2269 tale
2163 2204 2500 2268 artificium
2557 2206 2772 2289 displi-

391 2318 525 2377 cet.
576 2316 641 2371 at
688 2308 1007 2371 veteribus
1054 2306 1314 2391 placuit.
1368 2307 1635 2371 Ovidius
1682 2318 1882 2373 certe:

660 2414 743 2477 Et
792 2436 1112 2497 superesse
1160 2414 1337 2479 videt
1385 2416 1460 2479 de
1510 2421 1603 2479 tot·
1650 2416 1838 2481 modo
1887 2418 2175 2482 millibus
2221 2442 2440 2493 mmm,

660 2521 745 2586 Et
792 2542 1113 2605 superesse
1156 2521 1334 2585 videt
1382 2522 1457 2586 de
1507 2528 1601 2588 tot
1651 2523 1835 2587 niodo
1885 2523 2176 2589 millibus
2225 2548 2419 2588 unam.

484 2735 663 2814 Quod
749 2735 1181 2821 fragmentum
1256 2735 1611 2800 Meinekius
1682 2738 1860 2802 affert
1929 2761 1989 2822 p.
2054 2737 2204 2815 608,
2281 2740 2344 2802 id
2417 2761 2618 2824 nuper
2693 2742 2770 2804 ad

393 2841 733 2906 Isocratem
785 2843 1176 2906 ostendimus
1222 2845 1285 2904 in
1330 2842 1565 2905 Mnem.
1614 2843 1845 2908 XVIII.
1889 2843 1972 2909 75
2013 2848 2102 2909 sic
2145 2845 2566 2930 supplendum
2602 2867 2770 2911 esse:

1120 2950 1415 3022 ’γλῶττάν
1462 2952 1529 3012 τέ
1582 2973 1668 3012 σοι
1719 2952 1950 3014 δίδωσιν

670 3055 1115 3138 (θησαυρὸν)
1166 3057 1223 3117 ἐν
1272 3055 1439 3130 δήμῳ
1489 3065 1693 3132 φορεῖν
1746 3064 1948 3120 κοολῶν
1999 3057 2196 3133 λόγων
2245 3059 2490 3141 ἀείνων,

670 3159 705 3241 ᾗ
752 3161 962 3224 πάντα
1012 3163 1267 3232 νικήσεις
1318 3161 1533 3237 λέγων.

394 3267 490 3332 Ex
538 3265 865 3331 Clemente
914 3266 1343 3330 Alexandrino
1390 3267 1753 3331 Meinekius
1803 3269 1978 3332 affert
2027 3271 2455 3356 fragmentum
2509 3295 2569 3356 p.
2602 3273 2769 3346 (512,

394 3375 555 3458 quod
608 3377 697 3438 ita
746 3377 1087 3459 corrigitur
1134 3394 1165 3436 a
1218 3371 1453 3438 Cobeto
1500 3373 1746 3438 Mnem.
1797 3375 1877 3439 V.
1939 3375 2102 3440 194:

847 3477 921 3542 ἂν
968 3484 1087 3556 μῦς
1138 3477 1365 3558 διορύξῃ
1415 3479 1683 3556 βωμὸν
1733 3481 1874 3546 ἔντοε
1926 3485 2173 3555 πήλινσν

848 3585 963 3650 κᾶν
1011 3586 1193 3660 μηδὲν
1245 3584 1398 3648 ἄλλ’
1450 3585 1659 3665 ἔχων
1707 3587 2011 3667 &sarpam
2057 3587 2374 3661 θύλακον,

849 3694 1190 3770 ἀλεκτρυὼν
1240 3692 1609 3768 τρεφόμενος
1660 3693 1738 3756 ἂν
1786 3697 1902 3758 Aa&
1959 3695 2211 3773 ἑσπέρας

851 3798 1007 3879 ᾆτκ,
1062 3797 1379 3876 τιθέμεθα
1430 3804 1605 3862 τοῦτο
1656 3802 1906 3876 σημεῖόν
1954 3827 2130 3872 τινος.

395 3905 811 3970 Proverbium
877 3906 1187 3988 quoddam
1249 3907 1353 3970 hic
1402 3909 1658 3990 respici,
1715 3911 2039 3992 apparebit
2089 3913 2207 3974 tibi
2255 3936 2330 3978 ex
2379 3914 2567 3991 10013,
2621 3940 2776 4002 quos

396 4010 672 4078 Cobetus
756 4010 1033 4096 collegit.
1130 4009 1421 4074 Primum
1505 4021 1716 4076 autem
1793 4016 2112 4081 offensioni
2186 4033 2280 4084 est
2361 4024 2770 4108 participium

396 4117 553 4198 ἔχων
614 4124 677 4182 et
737 4123 991 4201 propter
1052 4115 1269 4180 Bionis
1332 4118 1815 4203 Borysthenitae
1863 4123 2143 4196 dictum,
2195 4127 2360 4209 quod
2411 4129 2555 4192 vide
2605 4132 2770 4214 apud

396 4227 699 4292 eundem:
773 4229 835 4287 τί
898 4223 961 4286 δὲ
1025 4225 1127 4288 καὶ
1190 4222 1521 4298 &xviam-rhu
1584 4227 1633 4290 εἰ
1701 4229 1728 4292 ὃ
1791 4233 1910 4304 μῦς
1970 4233 2071 4294 τὸν
2119 4228 2393 4296 θύλακον
2457 4235 2774 4315 διέτμαγεν

396 4336 515 4410 οὐχ
578 4332 809 4409 εὑρὼν
874 4327 910 4394 5¹
960 4356 1018 4393 τι
1084 4331 1303 4410 φάγῃ,
1368 4333 1533 4414 apucl.
1594 4337 1910 4399 comicum
1963 4359 2210 4420 quoque
2259 4340 2491 4414 εὑρὼν
2543 4343 2762 4406 malim

399 4461 585 4526 quani
654 4439 833 4516 ἔχων.
906 4439 1101 4500 Miror
1162 4447 1369 4502 auter:
1438 4440 1683 4514 βωμοὺς
1754 4443 2060 4511 πηλίνου.
2113 4445 2352 4508 Πήλινκ
2405 4453 2660 4530 ποτήρια
2708 4463 2770 4516 et
