3369 5142
614 335 740 405 1¹76
1620 353 2051 406 mmmmm.

608 525 709 590 ἐπὶ
756 525 897 600 τοὺς
947 528 1057 602 τὴν
1102 527 1483 608 ὀλιγαρχίαν
1530 526 1784 606 μάλιςα
1833 529 2212 604 ποιήσαντας
2255 565 2338 578 ·-
2379 525 2756 609 ὅρμησαν
2795 527 2846 606 β
2861 524 2994 592 άλ-

607 647 645 696 λ
666 657 695 696 ε
717 655 733 696 ι
758 658 787 697 ν
832 633 1161 721 intelliges
1212 635 1698 719 suppositiciam
1752 655 1884 699 esse
1931 633 2225 700 voculam
2270 631 2406 702 ὅτε.
2455 633 2581 699 Pro
2627 631 2994 713 ἕκραγὲντες

608 739 743 804 sine
802 759 990 805 causa
1035 741 1259 805 idonea
1310 741 1479 804 Stud.
1536 741 1637 804 Th.
1698 738 1827 805 109
1875 761 2024 804 cum
2055 740 2404 828 'Kruegero
2450 739 2590 806 cod.
2639 737 2718 806 G.
2769 739 2996 805 lectio-

606 865 752 910 nem
820 846 1233 924 ἐγκραγόντες
1297 847 1680 932 probabam;
1747 847 1914 932 quod
1960 851 2180 933 postea
2223 867 2331 911 me
2377 846 2594 912 docuit
2637 844 2818 911 locus
2862 844 2995 911 He-

604 951 813 1017 rodoti
861 950 953 1016 VI
1006 951 1155 1037 129,
1204 953 1268 1017 4.
1317 952 1521 1038 Prope
1572 951 1765 1018 finem
1813 953 2038 1037 capitis
2086 952 2192 1016 καὶ
2239 951 2340 1016 διὰ
2385 955 2598 1016 ταῦτα
2647 949 2753 1017 καὶ
2811 949 2990 1016 ἄλλα

606 1058 1035 1139 τοιουτότροπα
1096 1060 1330 1125 iniuria
1398 1065 1726 1144 receptum
1792 1063 1888 1124 est
1937 1079 2011 1124 ex
2061 1079 2186 1124 uno
2235 1057 2560 1125 Vaticano.
2605 1056 2805 1124 Recte
2849 1056 2997 1122 reli-

608 1165 719 1248 qui
791 1184 1010 1230 omnes
1080 1164 1325 1230 codices
1397 1169 1539 1249 post
1609 1163 1845 1250 duplex
1918 1162 2029 1228 καί
2095 1169 2393 1250 repetunt
2460 1165 2996 1249 praepositionem

608 1269 978 1336 exhibentes
1048 1269 1151 1333 καὶ
1218 1271 1293 1334 δι’
1358 1267 1559 1337 ἄλλα.
1652 1271 1867 1338 Facile
1927 1275 2070 1357 post
2125 1279 2267 1334 ΚΑΙ
2332 1269 2525 1355 periit
2573 1277 2681 1334 ΔΙ.
2728 1268 3024 1360 *Optime*

612 1379 828 1442 contra
896 1377 1127 1460 optimi
1194 1374 1345 1440 libri
1417 1377 1948 1461 praepositionem
2017 1396 2140 1441 non
2201 1377 2512 1440 iterarunt
2574 1371 2678 1449 75,
2737 1377 2766 1438 1
2841 1375 2892 1439 ol
2937 1373 2996 1438 δ’

610 1481 931 1553 ἀκούοντες
998 1481 1095 1545 ἐπὶ
1156 1481 1299 1555 τοὺς
1364 1485 1474 1556 την
1533 1482 1912 1562 ὀλιγαρχίαν
1974 1479 2223 1560 μάλιςα
2289 1483 2674 1556 ποιήσαντας
2739 1479 2841 1544 καὶ
2903 1477 2995 1545 ἔτι

614 1586 793 1674 (dett.
847 1585 976 1666 ἐπὶ)
1025 1595 1142 1652 τῶν
1189 1585 1399 1652 ἄλλων
1448 1588 1589 1658 τοὺς
1638 1587 2110 1667 μετασχόντας.
2170 1587 2288 1682 Est
2331 1591 2550 1652 autem
2595 1586 2654 1651 is
2698 1585 2996 1672 loquendi

609 1713 763 1757 usus
808 1698 1071 1759 naturae
1119 1714 1439 1782 congruus
1482 1693 1750 1780 ideoque
1797 1695 2094 1760 omnibus
2138 1693 2381 1780 linguis
2429 1695 2810 1758 communis.

700 1795 850 1862 VIII
889 1797 975 1864 85
1016 1800 1053 1884 ᾖ
1092 1801 1131 1864 2
1170 1802 1676 1880 κατηγορήσοντα
1712 1808 1828 1867 τῶν
1851 1825 1922 1865 τε
1947 1800 2266 1874 Μιλησίων
2291 1797 2425 1879 περὶ
2452 1802 2560 1862 τοῦ
2581 1799 2862 1880 Φρουρίου
2888 1799 2993 1865 καὶ

611 1903 789 1985 περὶ
842 1906 1029 1970 αὑτοῦ
1074 1901 1217 1984 ἅμα
1258 1906 1822 1985 ἀπολογησόμενον.
1895 1909 2023 1975 Pro
2068 1909 2412 1993 posteriore
2453 1905 2594 1987 περί
2641 1911 2996 1994 corrigatur

611 2010 821 2089 ὑπὲρ.
918 2012 1077 2078 Eius
1146 2015 1404 2092 abusus,
1477 2036 1601 2100 quo
1672 2015 1812 2093 περί
1867 2016 2127 2100 ponitur
2169 2035 2283 2099 pro
2333 2013 2504 2093 ὑπέρ,
2557 2012 2634 2078 de
2681 2013 2998 2079 industria

606 2115 995 2202 perlustrans
1080 2138 1304 2205 corpus
1388 2121 1888 2205 Inscriptionum
1971 2121 2334 2184 Atticarum
2417 2117 2672 2183 nullum
2745 2117 2992 2204 repperi

610 2222 977 2308 exemplum
1029 2225 1241 2291 seculo
1288 2225 1488 2292 altero
1536 2247 1573 2291 a
1620 2225 1690 2292 C.
1743 2228 2088 2310 antiquius.

696 2327 942 2393 Ibidem
990 2331 1025 2414 ἓ
1076 2328 1116 2394 3
1164 2330 1269 2395 καὶ
1320 2332 1407 2396 τοὶ
1454 2340 1796 2397 τελευταῖα
1841 2330 2149 2412 Φυγόντος
2200 2331 2268 2396 ἐκ
2318 2337 2836 2411 Συρακουσῶν
2881 2337 2988 2396 τοῦ

604 2433 1061 2514 Ἑρμοκράτους
1122 2436 1227 2502 καὶ
1276 2437 1488 2516 ἐτέρων
1536 2436 1801 2514 ἡκόντων
1847 2439 2174 2517 ςρατηγῶν
2224 2475 2306 2486 —-
2354 2437 2612 2502 ἐνέκειτο
2668 2438 2694 2502 ὃ
2750 2447 2988 2503 Τισσα·

607 2539 832 2623 Φὲρνης
894 2541 1168 2628 [φυγάδι
1218 2540 1339 2609 ὄντι
1389 2543 1529 2631 ἤδη]
1579 2546 1663 2625 τῷ
1713 2545 2113 2626 Ἑρμοκράτει
2165 2545 2374 2619 πολλῶ
2424 2542 2513 2609 ἔτι
2565 2545 2813 2620 μᾶλλον
2859 2544 2988 2610 κτὲ.

606 2647 805 2715 Valde
864 2651 1030 2714 mihi
1092 2659 1381 2737 suspecta
1441 2656 1590 2717 sunt
1649 2654 1844 2719 verba
1899 2673 2060 2738 quae
2106 2656 2311 2739 saepsi
2360 2653 2628 2717 uncinis.
2723 2650 2874 2717 Mox
2921 2653 2990 2716 in

604 2755 816 2821 verbis
877 2757 985 2830 τὴν
1034 2754 1259 2837 ἔχθραν
1303 2760 1355 2823 οἱ
1403 2757 1672 2840 πρόθοιτο
1721 2760 2080 2825 coniectura
2129 2759 2448 2846 Kruegeri
2495 2756 2802 2838 πρόσθοιτο
2855 2778 2990 2843 spe-

606 2864 769 2926 ciem
830 2860 1092 2927 haberet
1115 2912 1131 2941 ,
1198 2865 1253 2927 si
1301 2865 1723 2940 προστίθεσθαι
1771 2864 1994 2945 ἔχθραν
2045 2866 2164 2929 τινί
2208 2864 2596 2953 significaret
2641 2864 2991 2927 inimicitias

601 2973 893 3051 suscipere
953 2966 1058 3034 vel
1113 2990 1319 3050 μενενε
1376 2994 1503 3033 cum
1565 2972 1763 3055 aliquo
1781 3020 1798 3055 ,
1849 2970 1958 3037 sed
2005 2974 2175 3035 enim
2225 2970 2645 3051 προστίθεσθαι
2695 2972 2990 3057 usurpari

601 3070 763 3138 solet
830 3073 907 3139 de
970 3072 1160 3139 malis
1222 3095 1381 3159 quae
1426 3081 1637 3141 nostra
1683 3075 1872 3161 culpa
1917 3078 2354 3143 contrahimus
2400 3083 2474 3142 ut
2520 3076 2726 3160 κακὰ,
2778 3075 2984 3158 ἄχθη,

603 3176 811 3257 ἄλγη,
877 3176 1123 3257 πόνους,
1190 3181 1521 3258 κινδύνους,
1588 3189 1650 3247 et
1698 3203 1771 3248 eo
1819 3204 2007 3249 sensu
2055 3188 2188 3248 tam
2237 3182 2592 3270 Xenophon
2639 3180 2875 3269 Cyrop.
2925 3179 2986 3245 ΙΙ

603 3285 667 3370 4,
729 3284 813 3349 12
882 3283 1047 3350 dixit
1116 3286 1204 3363 μὴ
1274 3292 1484 3352 τοῦτον
1551 3288 1842 3363 πολέμιον
1903 3290 2048 3369 πρὸς
2113 3296 2239 3360 τοῖς
2309 3286 2524 3361 ἄλλοις
2589 3286 2982 3368 προσθώμεθα

600 3410 790 3478 quam
836 3390 1024 3457 Plato
1070 3392 1326 3480 Protag.
1380 3392 1509 3458 346
1534 3395 1566 3456 b
1614 3392 1838 3474 ἔχθρας
1891 3395 2188 3465 ἑκουσίους
2234 3396 2373 3474 πρὸς
2419 3402 2558 3467 ταῖς
2601 3394 2982 3472 άναγκαίαις

601 3498 1038 3577 προστίθεσθαι.
1137 3499 1583 3565 Hermocrates
1664 3504 1878 3564 autem
1949 3499 2076 3565 dici
2145 3520 2270 3565 non
2340 3502 2586 3585 potuit,
2657 3508 2986 3584 propterea

600 3604 769 3690 quod
814 3605 1146 3687 pecuniam
1188 3623 1380 3688 quam
1418 3609 1661 3689 peteret
1701 3624 1825 3669 non
1866 3604 2242 3690 accepisset,
2285 3606 2624 3671 incurrisse
2659 3607 2725 3671 in
2767 3605 2984 3670 odium

600 3708 1036 3792 'I'issaphernis
1062 3758 1077 3785 ,
1130 3709 1237 3774 sed
1284 3709 1566 3774 infensus
1611 3709 2004 3794 infestusque
2048 3712 2284 3776 idcirco
2324 3711 2520 3777 fuisse
2559 3710 2986 3797 Tissapherni.

598 3814 795 3880 Recte
840 3820 1057 3880 autem
1108 3814 1378 3894 πρόθοιτο
1426 3817 1828 3899 interpretari
1874 3816 2175 3883 videntur
2205 3838 2364 3901 prae
2404 3838 2467 3881 se
2493 3818 2724 3903 ferret.

688 3917 841 3984 VIII
886 3916 993 3992 86,
1044 3918 1083 3983 3
1130 3920 1181 3984 οἱ
1231 3920 1286 3985 δ’
1330 3922 1750 3998 άπήγγελλον
1796 3922 1871 3992 ὦς
1921 3922 2050 3986 οὔτ’
2101 3922 2200 3986 ἐπὶ
2251 3922 2550 4006 διαφθορᾷ
2597 3928 2706 3996 τῆς
2749 3922 2984 3991 πόλεως

600 4026 634 4099 ἦ
700 4022 1053 4103 μετάςασις
1117 4024 1389 4104 γένοιτο,
1455 4024 1608 4091 ἀλλ’
1677 4026 1778 4090 ἐπὶ
1830 4028 2134 4111 σωτηρίᾳ,
2185 4028 2304 4093 οὐδ’
2352 4024 2452 4092 ἵνα
2497 4034 2624 4098 τοῖς
2669 4027 2981 4104 πολεμίοις

598 4133 906 4213 παραδοθῇ
985 4128 1233 4217 (ἐξεῖναι
1306 4130 1464 4212 γάρ,
1538 4130 1664 4197 ὅτε
1738 4131 2142 4211 ἐσέβαλον
2215 4131 2324 4208 ἤδη
2390 4138 2564 4213 σφῶν
2627 4133 2982 4212 άρχόντων,

594 4243 779 4304 τοῦτο
828 4241 1115 4323 πονῆσαι)
1168 4238 1295 4301 κτὲ.
1345 4237 1646 4324 Spectant
1693 4239 1848 4304 haec
1894 4238 2539 4305 Lacedaemoniorum
2581 4238 2742 4305 duce
2776 4240 2984 4326 Agide

594 4343 1059 4429 expeditionem
1132 4364 1292 4429 quae
1350 4350 1602 4410 narrata
1660 4350 1756 4409 est
1813 4366 2005 4429 supra
2057 4344 2162 4421 71,
2217 4348 2250 4411 1
2303 4366 2391 4428 sq.
2489 4343 2613 4410 Sed
2660 4347 2792 4410 iam
2837 4350 2980 4410 ante

592 4450 1199 4541 quadringentorum
1268 4449 1766 4516 dominationem
1828 4447 2314 4517 Lacedaemonii
2377 4450 2678 4528 ἐσέβαλον
2745 4454 2803 4522 ἐς
2869 4453 2978 4525 την
