3369 5142
1320 360 1745 407 Tnucrnmm.
2591 340 2720 409 299

442 527 595 615 Gap.
645 526 749 605 44,
802 526 845 591 2
892 524 960 603 ἦν
1006 531 1127 625 μὲν
1165 530 1291 608 γὰρ
1340 532 1566 605 σελήνη
1612 530 1908 611 λαμπροὶ,
1964 531 2146 613 ἐώρων
2193 531 2246 597 δ’
2294 528 2482 602 οὕτως
2530 529 2721 603 ἀλλή-

349 652 491 709 λους
534 636 607 707 ὡς
661 636 722 699 ἐν
770 637 991 716 σελήνῃ
1035 636 1193 707 εἲκὸς
1241 636 1350 709 τὴν
1398 638 1509 714 μὲν
1556 636 1694 718 ὄψιν
1741 642 1846 703 τοῦ
1896 638 2182 715 σώματος
2230 641 2567 719 προορᾶν
2615 638 2726 709 τὴν

350 742 414 806 δὲ
478 748 701 821 γνῶσιν
762 746 867 807 τοῦ
928 742 1142 806 οἰκείου
1190 740 1720 812 αἰπιςεῖσθαι.
1813 742 2008 809 Recte
2055 743 2346 811 Badham
2395 746 2720 826 προσορᾶν,

349 858 414 913 et
483 869 680 933 paene
746 853 917 913 recte
988 852 1435 930 αἰποςερεῖσθαι.
1530 848 1826 915 Postulat
1894 854 2065 916 enim
2136 854 2484 917 sententiae
2557 852 2720 915 ratio

348 954 784 1035 αἶπος-ἔρεσθαι,
845 957 980 1021 sive
1027 960 1192 1041 quod
1238 957 1404 1021 redit
1449 954 1709 1040 eodem,
1757 957 2200 1035 οὶπεςερῆσθαι,
2254 957 2297 1020 i.
2325 977 2380 1021 e.
2421 956 2723 1039 privato-5,

348 1062 661 1125 destitutos
707 1082 825 1125 esee
841 1110 858 1138 ,
908 1084 1128 1127 carere.

440 1165 596 1253 Cap.
666 1166 773 1246 45,
842 1168 901 1233 l.
972 1178 1071 1251 Τῇ
1144 1169 1197 1233 δ’
1263 1168 1521 1251 ὖςεραία
1581 1169 1631 1232 οἱ
1696 1168 1809 1245 μὲν
1873 1166 2227 1248 Συρακόσιοι
2289 1168 2390 1234 δύο
2452 1174 2725 1248 τροπαῖα

350 1272 613 1352 ἔςησαν,
665 1274 799 1339 ἑπΙ
846 1300 932 1339 τε
970 1284 1157 1349 ’ταῖς
1199 1276 1696 1347 Ἐπιπολαῖς
1739 1270 1776 1355 ᾗ
1812 1277 1845 1350 ἦ
1880 1273 2345 1353 πρόσβασις
2387 1273 2722 1359 miffar-02

348 1382 418 1445 τὸ
488 1380 731 1465 χωρίον]
801 1379 839 1463 ᾗ
907 1385 957 1448 οἱ
1028 1381 1263 1447 Βοιωτοὶ
1340 1382 1613 1467 [πρῶτοι]
1687 1380 2056 1457 ὦντέςησαν.
2151 1382 2322 1447 Hinc
2385 1380 2722 1446 concludas

347 1486 615 1553 Boeotos
662 1486 815 1552 alibi
863 1509 1051 1572 quam
1097 1489 1167 1553 in
1210 1486 1499 1574 Epipolis
1546 1489 1874 1553 restitisse.
1958 1489 2044 1551 At
2091 1507 2291 1571 quum
2339 1488 2722 1552 contrarium

348 1597 649 1679 appareat
708 1614 742 1658 e
796 1615 1161 1682 praegressa
1220 1596 1577 1659 narratione
1622 1614 1758 1678 cap.
1809 1592 1896 1658 43
1945 1599 2128 1671 extr„
2177 1595 2566 1681 corrigatur:
2615 1593 2718 1659 δύο

345 1706 617 1778 τροπαῖα
665 1697 971 1773 ἔςησαν
1017 1700 1147 1763 ἐπὶ
1192 1708 1373 1771 ταῖς
1418 1700 1950 1778 Ἐπιπολαῖς,
1994 1697 2149 1781 ᾖτε
2191 1701 2224 1773 ἦ
2267 1700 2717 1781 πρόσβασις

348 1804 453 1868 καὶ
510 1802 548 1887 ᾖ
593 1806 717 1869 κτέ.
767 1804 965 1870 Recte
1012 1826 1160 1870 cum
1208 1805 1349 1870 vat.
1401 1802 1655 1871 Classen
1707 1808 2017 1892 expunxit
2061 1806 2280 1883 πρῶτοι
2329 1805 2721 1892 adscriptum

348 1932 425 1975 ex
466 1910 607 1976 loco
648 1910 929 1976 laudato.
1008 1910 1200 1977 Prius
1246 1916 1462 1977 autem
1509 1917 1841 1996 tropaeum
1889 1908 1926 1993 ᾗ
1972 1914 2006 1987 ἧ
2055 1910 2398 1989 πρόσβασις
2452 1911 2558 1994 (cf.
2609 1910 2718 1989 43,

349 2015 417 2101 3)
478 2014 859 2102 Syracusani
923 2020 1193 2083 erexisse
1254 2016 1553 2082 videntur
1568 2064 1583 2093 ‚
1633 2017 1802 2101 quod
1847 2022 1983 2083 tota
2029 2019 2181 2083 haec
2228 2017 2720 2083 Atheniensium

346 2122 664 2208 expeditio
680 2171 695 2200 ‚
738 2125 1031 2208 quamvis
1074 2124 1303 2190 faustis
1348 2124 1664 2189 ominibus
1713 2128 2003 2208 suscepta
2019 2173 2036 2199 ,
2082 2126 2267 2189 irrita
2311 2128 2529 2189 tamen
2573 2124 2719 2189 fuit.

343 2228 486 2295 Illic
535 2230 707 2293 enim
755 2250 880 2293 non
922 2232 1079 2315 ipsi,
1126 2230 1234 2295 sed
1279 2230 1352 2295 hi
1396 2230 1748 2315 superiores
1793 2230 2063 2295 fuerant.

432 2332 586 2422 Gap.
637 2333 744 2400 46.
792 2336 1110 2407 Γύλιππος
1161 2338 1220 2401 δὲ
1272 2336 1442 2401 κατὰ
1490 2343 1609 2413 γῆν
1656 2337 1718 2408 ἐς
1766 2337 1876 2409 τὴν
1923 2333 2126 2410 ἄλλην
2175 2334 2470 2401 Σικελίαν
2517 2332 2717 2417 ᾤχετο

343 2438 509 2513 αὖθις
555 2438 719 2516 ἄξων
768 2443 1026 2521 ςρατιοὶν
1074 2440 1201 2521 ἔτι,
1246 2445 1324 2515 ὥς
1375 2444 1434 2506 ἕν
1480 2442 1687 2506 ἐλπίδι
1739 2440 1814 2505 ὢν
1861 2440 1966 2505 καὶ
2015 2441 2100 2507 τὰ
2146 2442 2330 2519 τείχη
2371 2447 2488 2505 τῶν
2526 2440 2718 2517 Ἀθη-

344 2549 521 2614 mim
569 2548 834 2628 αἱρήσειν
880 2549 999 2633 βία
1051 2548 1289 2634 [ἐπειδὴ
1328 2549 1413 2613 τὰ
1456 2548 1515 2613 ἒν
1553 2555 1694 2621 ταῖς
1737 2550 2112 2620 Ἐπιπολαῖς
2155 2544 2306 2612 οὕτω
2351 2544 2711 2634 ξυνέβη]

342 2654 759 2720 Scribendum
829 2661 997 2721 certe
1066 2657 1273 2722 fuerat
1342 2652 1528 2727 οὕτως
1600 2653 1896 2731 ἀπέβη.
1989 2653 2112 2720 Sed
2180 2675 2304 2719 non
2371 2658 2524 2718 sunt
2589 2657 2712 2719 ista

340 2759 758 2845 Thucydidis.

432 2861 585 2950 Cap.
648 2861 757 2940 49,
820 2863 863 2928 2
926 2861 1047 2944 ἔφη
1097 2873 1318 2945 χρῆναι
1381 2867 1415 2941 ἢ
1466 2868 1525 2938 ἐς
1575 2867 1683 2940 τὴν
1733 2865 1952 2946 Θάψον
1998 2863 2480 2936 ἆναςοίνσας
2527 2867 2706 2928 τοῦτο

341 2977 548 3035 ποιεῖν.
640 2969 1089 3035 Necessarium
1150 2970 1403 3036 videtur
1466 2969 1929 3049 ἒξαναςοὶντας,
1985 2977 2126 3046 aut,
2178 2969 2346 3056 quod
2393 2975 2458 3035 et
2501 2969 2712 3035 lenius

341 3081 439 3141 est
480 3081 543 3142 et
581 3077 791 3164 magis
829 3078 1157 3162 proprium
1199 3078 1275 3142 de
1313 3076 1650 3144 deserenda
1690 3078 2034 3162 obsidione,
2079 3078 2188 3141 οὶπ
2211 3074 2706 3148 αναςοέντας.

337 3183 494 3247 Post
537 3181 929 3264 ἰσχυρίζηται
976 3185 1125 3248 novi
1172 3185 1399 3266 capitis
1442 3183 1852 3249 statuendum
1899 3190 1996 3248 est
2035 3183 2318 3249 initium.

428 3287 580 3374 Cap.
650 3289 761 3359 50.
828 3289 871 3354 2
942 3290 1045 3354 καὶ
1117 3291 1168 3353 οἱ
1237 3291 1350 3366 μὲν
1418 3290 1771 3368 Συρακόσιοι
1837 3286 2024 3360 εὐθὺς
2095 3289 2353 3374 [αὐτῶν]
2417 3285 2706 3351 ἐλθόντων

338 3395 883 3476 παρεσκευάζοντο.
995 3395 1235 3461 Abesse
1320 3395 1547 3460 malim
1615 3415 1960 3481 pronomen
2030 3394 2194 3480 quod
2259 3395 2708 3478 interpositum

336 3501 665 3566 vocabulis
688 3507 858 3568 arcte
880 3502 1219 3590 iungendis
1260 3503 1561 3568 orationis
1595 3503 1786 3566 nitori
1823 3499 2066 3566 officere
2093 3500 2368 3566 videtur.
2415 3497 2576 3563 Ibid.
2601 3501 2638 3584 ᾖ
2663 3499 2705 3564 4

338 3603 405 3679 ἦν
452 3606 577 3685 γάρ
625 3631 684 3670 τι
732 3607 903 3685 ἄγαν
954 3609 1307 3689 θειασμῷ
1359 3646 1441 3656 -
1479 3607 1929 3686 προσκείμενος.
2024 3603 2221 3670 Cobet
2263 3603 2504 3670 Mnem.
2555 3626 2701 3672 nov.

334 3709 487 3776 VIII
528 3732 591 3797 p.
644 3710 776 3776 114
813 3733 900 3798 sq.
943 3717 1268 3801 ingeniose
1306 3714 1635 3798 disputans
1676 3712 1756 3778 de
1793 3713 2016 3777 formis
2054 3708 2322 3789 θειάζειν
2346 3716 2411 3776 et
2433 3707 2702 3792 θεάζειν,

332 3841 458 3884 non
518 3821 739 3904 tetigit
800 3819 1198 3884 substantiva
1258 3817 1563 3896 θειασμός
1626 3825 1690 3884 et
1747 3816 2157 3894 ἐπιθειασμός
2208 3815 2352 3902 (Th.
2402 3815 2522 3882 vn
2567 3817 2702 3903 86),

334 3947 493 4012 quae
554 3924 708 3990 licet
768 3943 893 3990 non
956 3925 1145 3990 aliter
1205 3946 1396 4010 quam
1460 3929 1551 3990 sic
1596 3925 1833 3990 tradita
1877 3945 2009 3990 esse
2055 3924 2419 4007 videantur,
2467 3927 2703 3991 vitiosa

332 4037 459 4098 sint
520 4051 771 4096 necesse
836 4035 931 4095 est
992 4035 1055 4095 et
1116 4031 1425 4096 mut-anda
1480 4033 1549 4095 in
1596 4029 1878 4107 θεασμός
1927 4037 1990 4095 et
2037 4027 2457 4105 ἐπιθεασμός,
2505 4033 2562 4094 si
2607 4035 2704 4097 vir

332 4137 693 4226 praeclarus
738 4157 885 4202 vere
932 4139 1159 4202 statuit
1206 4137 1283 4202 de
1328 4137 1666 4202 verborum
1715 4137 1938 4202 formis
1983 4156 2096 4222 pro
2141 4136 2308 4200 ictus
2355 4133 2704 4202 differentia

331 4266 444 4331 per
483 4245 956 4331 diphthongum
999 4248 1109 4308 aut
1149 4241 1435 4307 vocalem
1476 4241 1840 4306 scribendis.
1893 4239 1990 4308 Of.
2015 4239 2300 4311 τελέωσις
2323 4241 2703 4318 σελεωτικός,

333 4351 601 4424 λέανσις,
644 4351 927 4429 λεαντήρ.
974 4349 1266 4415 Fortasse
1304 4347 1643 4432 aliquando
1679 4345 1924 4433 aliquid
1957 4347 2144 4432 plane
2170 4348 2322 4412 certi
2345 4345 2704 4434 philologos

336 4459 650 4525 docebunt
696 4457 897 4522 bonae
941 4457 1169 4522 aetatis
1212 4456 1671 4542 inscriptiones.
