3369 5142
582 348 713 416 402
1575 354 1951 414 ATAKTA.

580 562 717 607 esse
760 560 919 605 num
962 541 1229 623 pecunia
1278 540 1555 624 corrupti
1599 536 1900 623 Philippo
1925 534 2244 603 'auxiliati
2290 536 2436 600 sint.
2516 532 2688 599 Tum
2732 550 2944 599 exem·

579 647 764 732 plum
832 648 901 711 in
966 643 1395 710 Phocensibus
1466 643 1665 709 affert.
1760 644 1896 709 Iam
1966 662 2116 708 vero
2178 642 2321 727 quis
2374 642 2576 705 nescit.
2622 659 2781 724 quae
2825 658 2949 703 vox

584 751 892 838 exemplis
950 751 1363 836 proponendis
1422 752 1750 836 praemitti
1795 746 2034 815 soleat?
2127 748 2298 835 Lege
2345 772 2388 811 α
2409 746 2536 811 ὐτί
2550 770 2588 811 κ
2606 770 2651 810 α
2701 742 2948 817 Φωκέας

583 860 943 925 ἀπολώλεκε
988 858 1102 935 μὲν
1144 850 1317 933 οἶμαι
1365 856 1671 927 Φίλιππος
1719 890 1802 903 -
1852 859 2030 920 τοῦτο
2082 852 2144 919 δὲ
2192 852 2287 919 δεῖ
2325 861 2574 918 σκοπεῖν
2613 852 2745 917 κτὲ.

676 1068 832 1157 Pag.
909 1065 1061 1132 354.
1129 1066 1303 1155 Lege
1370 1067 1486 1131 κάν
1546 1065 1670 1147 ἄρα
1739 1065 2006 1155 [εἴπητέ]
2075 1092 2133 1132 τι
2197 1066 2304 1132 καί
2369 1062 2708 1147 προαχθῆθ’
2779 1066 2952 1142 ὑμεῖς

596 1174 1161 1263 [ἐπαγγείλασθαι]
1205 1172 1594 1255 ἀναχώρησιν
1638 1174 1834 1253 ἑαυτῷ
1883 1174 2300 1238 καταλείπων.

678 1386 775 1452 Ex
828 1385 1126 1472 plurimis
1180 1384 1335 1450 locis
1350 1434 1369 1468 ,
1426 1387 1537 1469 qui
1580 1386 1649 1449 in
1696 1384 1814 1450 hac
1859 1387 2138 1451 oratione
2184 1384 2541 1451 foedissime
2585 1380 2952 1467 interpolati

592 1499 742 1558 sunt
810 1492 966 1558 duos
1032 1490 1321 1557 indicabo
1335 1538 1350 1568 ,
1412 1494 1480 1556 in
1538 1491 1770 1575 quibus
1833 1489 2272 1576 supplementa
2332 1510 2456 1556 non
2513 1489 2704 1554 modo
2747 1490 2961 1573 inepta

592 1603 741 1664 sunt
756 1645 775 1676 ‚
824 1618 1049 1664 verum
1096 1598 1293 1663 etiam
1336 1597 1649 1682 reliquam
1697 1597 2043 1663 orationem
2089 1597 2440 1663 obscurant.

682 1705 841 1793 Pag.
908 1702 1060 1769 395.
1130 1699 1205 1768 ὧν
1266 1704 1379 1779 μὲν
1438 1702 1632 1768 τοίνυν
1695 1701 2084 1783 αὐτοκράτωρ
2129 1697 2196 1776 ἦν
2240 1703 2360 1781 ἐγὼ
2407 1702 2579 1768 κατὰ
2623 1703 2734 1777 τὴν
2781 1723 2961 1782 πρεσ-

592 1811 777 1889 βείαν
825 1816 1034 1876 τοῦτον
1084 1806 1236 1890 ἔσχε
1283 1809 1386 1874 τὸν
1434 1807 1647 1889 τρόπον
1695 1810 1857 1885 ὑμῖν.
1897 1805 1942 1874 ἃ
1993 1810 2045 1872 δ’
2084 1804 2242 1874 οὗτοι
2285 1807 2532 1880 πλείους
2563 1806 2729 1880 ὄντες
2755 1807 2958 1871 ἐνίκων

596 1914 826 1983 ἅπαντ’
888 1915 1234 1982 ἀπόλωλεν.
1283 1918 1484 1980 καίτοι
1534 1915 1637 1979 καὶ
1686 1908 1878 1979 τᾶλλ’
1917 1914 1993 1981 ἂν
2032 1913 2292 1981 ἅπαντα
2341 1915 2678 1987 ἀκολούθως
2727 1916 2958 1984 τούτοις

596 2024 987 2107 ἐπέπρακτο,
1063 2020 1209 2095 εἴτις
1282 2020 1556 2087 ἐπείθετό
1620 2045 1744 2099 μοι.
1817 2020 2076 2087 Frustra
2141 2024 2466 2108 corrigunt
2534 2021 2925 2085 ἀπολώλεκεν
2943 2038 2960 2096 ;

596 2150 723 2195 non
794 2132 964 2194 enim
1033 2128 1109 2193 de
1179 2125 1497 2193 Aeschine
1564 2127 1698 2193 solo
1755 2126 2038 2211 loquitur
2097 2127 2206 2193 sed
2257 2128 2334 2193 de
2375 2127 2667 2213 pluribus
2713 2127 2961 2215 legatis.

598 2233 1053 2317 Scribendum,
1122 2225 1166 2298 ἀ
1224 2232 1276 2297 δ’
1341 2228 1500 2299 οὗτοι
1557 2233 1804 2305 πλείους
1867 2230 2031 2303 ὄντες
2081 2234 2316 2309 ἐνίκων,
2365 2228 2558 2298 τᾶλλ’
2609 2232 2685 2297 ἂν
2724 2230 2962 2299 ἅπαντ’

597 2339 936 2413 ἀκολούθως
983 2338 1213 2413 τούτοις
1260 2337 1631 2419 ἐπέπρακτο.

687 2551 845 2641 Pag.
913 2547 1065 2616 434.
1127 2548 1206 2616 ad
1262 2547 1591 2614 Eubulum
1638 2568 1978 2615 conversus
2023 2548 2216 2628 dicit,
2267 2551 2400 2616 ἐπεὶ
2440 2552 2502 2618 δὲ
2549 2550 2625 2616 σὺ
2671 2553 2786 2628 μὲν
2823 2575 2960 2616 του-

597 2659 765 2724 τουσὶ
836 2655 1226 2733 δεδιξάμενος
1299 2655 1542 2736 ἔφησας
1606 2655 2016 2732 καταβαίνειν
2077 2657 2161 2728 εἰς
2221 2662 2479 2736 Πειραιά
2529 2659 2651 2724 δεῖν
2699 2657 2808 2733 ἤδη
2859 2658 2963 2722 καὶ

598 2767 881 2849 χρήματ’
929 2761 1229 2842 εἰσφέρειν
1277 2762 1383 2826 καί
1429 2762 1516 2826 τα
1563 2762 1812 2843 θεωρικὰ
1857 2763 2231 2842 ςρατιωτικά
2270 2771 2488 2842 ποιεῖν,
2532 2763 2565 2839 ἢ
2603 2773 2964 2846 χειροτονεῖν

600 2872 709 2944 την
770 2871 1034 2953 εἰρήνην,
1094 2864 1252 2934 οὗτοι
1304 2866 1369 2933 δὲ
1414 2875 1540 2940 τοῖς
1586 2868 1758 2945 μετὰ
1803 2867 1984 2932 ταῦτ’
2029 2868 2367 2944 ἀδικήμασι
2416 2867 2607 2936 πάντ’
2655 2870 2967 2936 ἀπολωλέ-

601 3000 782 3062 κασι,
852 2979 1195 3052 τηνικαῦτα
1263 2972 1613 3049 διήλλαξαι.
1687 2972 1812 3039 Pro
1873 2974 1980 3039 καὶ
2043 2969 2256 3056 φήσας
2322 2975 2467 3042 dedi
2513 2977 2790 3057 ἔφησας,
2842 2997 2967 3062 qua

602 3084 980 3150 correctione
1045 3086 1297 3166 recepta
1356 3086 1599 3146 caetera
1655 3082 1896 3166 optime
1955 3081 2320 3166 procedunt.
2385 3083 2572 3151 Nunc
2618 3083 2765 3149 vide
2813 3081 2968 3167 quid

600 3191 771 3255 inter
834 3194 1195 3268 χειροτονεῖν
1255 3191 1319 3251 et
1378 3188 1488 3260 την
1536 3185 1764 3265 εἰρήνην
1808 3188 1875 3250 in
1923 3185 2265 3254 Codicibus
2302 3187 2574 3275 legatur.
2613 3211 2696 3255 sc.
2747 3181 2791 3254 ἃ
2836 3213 2968 3253 συν·

511 3379 517 3385 ⁶
600 3303 736 3362 εἷπε
800 3293 913 3372 μὲν
971 3289 1138 3365 οὗτος
1163 3343 1177 3368 ,
1242 3290 1487 3373 ἔγραψε
1533 3291 1585 3356 δ’
1632 3293 1660 3357 ὅ
1706 3291 2004 3373 βδελυρὸς
2055 3292 2431 3373 Φιλοκράτης
2482 3293 2581 3379 [ἐξ
2625 3291 2728 3383 ὦν]
2781 3296 2963 3382 (haec

604 3422 727 3468 om.
774 3400 947 3466 solus
986 3398 1059 3486 S)
1106 3398 1375 3480 αἰσχρὰν
1422 3398 1559 3464 ἀντὶ
1606 3408 1803 3474 καλῆς
1849 3397 2076 3478 συνέβη
2125 3400 2426 3477 γενέσθαι.
2481 3437 2564 3448 -
2603 3399 2772 3468 Vide
2805 3400 2970 3466 Bek-

602 3507 743 3572 keri
808 3511 1027 3572 notam
1044 3555 1060 3582 ,
1131 3507 1242 3591 qui
1301 3525 1414 3589 pro
1474 3503 1703 3582 συνέβη
1775 3553 1808 3582 ,,
1827 3525 1984 3590 opus
2047 3510 2143 3570 est
2198 3505 2426 3571 verbo”
2470 3507 2562 3572 ait
2609 3553 2644 3584 ‚,
2661 3505 2970 3572 secundae

603 3631 903 3697 personae
955 3647 1034 3659 -
1084 3610 1270 3695 quale
1336 3610 1682 3684 ἐποίησας.”
1762 3609 1886 3676 Sed
1953 3631 2208 3696 prorsus
2266 3611 2635 3677 incredibile
2695 3618 2791 3678 est
2847 3613 2971 3678 De-

604 3717 1003 3783 mosthenem
1061 3715 1311 3781 Eubulo
1374 3716 1746 3801 exprobrare
1806 3715 2082 3782 voluisse
2144 3717 2310 3800 quod
2355 3718 2626 3799 αἰσχρὰν
2673 3719 2810 3783 ἀντὶ
2860 3742 2971 3783 κα-

606 3828 720 3895 λῆς
764 3821 989 3901 εἰρήνην
1037 3822 1352 3886 suasisset.
1403 3819 1651 3907 Quippe
1697 3842 1776 3886 ex
1821 3821 1954 3887 illis
2003 3869 2038 3898 „
2059 3827 2398 3896 τηνικαῦτα
2445 3823 2817 3903 διήλλαξαι”
2865 3845 2974 3910 ap·

606 3934 786 4015 paret
829 3929 895 3992 in
941 3930 1079 4013 ipso
1117 3929 1291 4013 pacis
1330 3927 1515 3992 initio
1554 3925 1882 3993 Eubulum
1921 3928 2248 3994 Aeschinis
2287 3929 2716 3996 adversarium
2755 3931 2966 3998 fuisse.

606 4035 1022 4121 Nequaquam
1082 4054 1231 4098 cum
1285 4033 1712 4119 proditoribus
1772 4032 1981 4099 stabat
2037 4033 2361 4114 Eubulus,
2411 4037 2516 4102 sed
2564 4038 2824 4104 videbat
2869 4037 2974 4104 vel

472 4139 485 4148 ’
606 4161 827 4227 pacem
874 4139 1304 4226 accipiendam
1350 4160 1483 4206 esse
1500 4189 1518 4223 ,
1560 4139 1664 4204 vel
1712 4159 1968 4206 omnem
2004 4140 2158 4206 belli
2193 4143 2453 4230 gerendi
2481 4147 2788 4210 rationem
2828 4165 2974 4209 mu-

608 4247 890 4313 tandam.
943 4247 1163 4332 Neque
1209 4265 1357 4312 vero
1402 4247 1535 4330 ipse
1572 4265 1794 4329 pacem
1835 4247 2172 4332 improbat.
2212 4248 2360 4314 vide
2393 4269 2554 4332 quae
2576 4250 2644 4314 in
2665 4271 2817 4339 pag.
2841 4248 2972 4319 372

609 4356 747 4438 ipse
809 4351 1172 4429 confitetur,
1236 4353 1301 4416 ού
1362 4352 1487 4433 γὰρ
1550 4350 1694 4431 ὑπὲρ
1742 4361 1852 4428 τῆς
1902 4353 2127 4434 εἰρήνης
2170 4354 2470 4434 Αἰσχίνης
2511 4356 2814 4442 κρίνεται,
2859 4355 2930 4424 οὗ
2948 4408 2966 4436 ,

610 4457 764 4526 ἀλλ’
816 4462 849 4535 ἦ
897 4458 1089 4540 εἰρήνη
1143 4456 1217 4522 δι’
1267 4457 1565 4538 Αἰσχίνην
1613 4455 2055 4537 διαβέβληται.
