3369 5142
1449 361 1569 412 rao
1618 333 1844 412 canno
2711 343 2841 415 219

550 535 587 602 ό
630 535 887 614 infelix,
936 537 975 602 ὁ
1023 533 1324 602 sceleste!
1374 537 1537 624 egon
1585 535 1742 622 quid
1788 535 1998 602 dicam
2019 579 2035 612 ‚
2085 534 2241 620 quid
2286 536 2486 603 velim
2508 586 2527 611 ,

552 665 711 730 quae
782 645 998 709 omnia
1066 655 1137 708 tu
1201 641 1333 709 tuis
1380 641 1581 708 foedis
1628 641 1816 708 factis
1863 639 2021 708 facis
2068 647 2144 707 ut
2188 640 2577 728 nequiquam
2626 642 2842 709 velim.

465 745 635 828 Quae
680 768 807 815 non
864 747 1335 814 sollicitandum
1361 798 1378 827 ,
1443 748 1610 835 quod
1672 750 1991 814 nescimus
2015 796 2031 826 ,
2090 749 2244 834 quid
2299 750 2709 835 praecesserit
2768 753 2846 814 ut

459 855 915 921 animadvertit
984 855 1316 932 Ribbeck„
1380 861 1492 941 qui
1538 855 1846 920 iambicos
1892 875 2190 921 numeros
2235 857 2518 921 restituit
2564 861 2628 920 et
2673 874 2848 939 sepa-

460 963 630 1026 ravit
698 963 909 1045 prima
978 959 1093 1026 illa
1158 982 1236 1038 „o
1299 961 1414 1026 inf.
1483 981 1520 1026 o
1588 959 1774 1025 scel.”
1833 981 1993 1045 quae
2055 981 2310 1026 versum
2375 980 2502 1027 non
2565 959 2839 1046 explent.

462 1065 670 1132 Verba
740 1070 844 1132 vix
894 1069 1150 1153 ferendi
1207 1068 1507 1154 (serenda
1555 1064 1601 1130 S
1624 1066 1726 1152 F.)
1790 1067 1954 1131 mihi
2014 1073 2304 1152 suspecta
2349 1072 2498 1132 sunt
2543 1069 2846 1152 quoniam

459 1178 637 1238 extra
700 1175 1003 1261 syntaxin
1066 1183 1215 1238 sunt
1276 1180 1340 1238 et
1400 1173 1636 1260 frigent
1692 1178 1835 1258 post
1898 1173 2123 1249 „ferrei
2188 1179 2338 1237 sunt
2398 1175 2509 1238 isti
2565 1171 2842 1259 patres”.

456 1278 528 1343 In
572 1281 914 1365 proximis:

551 1384 831 1461 „diceret
885 1385 1037 1451 talis
1089 1389 1305 1472 pater:
1355 1406 1469 1450 cur
1514 1391 1577 1450 te
1618 1387 1686 1450 in
1729 1387 1916 1451 istam
1964 1386 2364 1451 vicinitatem
2413 1389 2844 1455 meretriciam

466 1488 841 1557 contulisti?
913 1512 1027 1557 cur
1092 1490 1408 1557 illecebris
1478 1491 1751 1578 cognitis
1820 1512 1941 1557 non
2010 1488 2350 1578 refugisti?
2411 1511 2524 1557 cur
2568 1491 2843 1558 alienam

470 1597 828 1665 mulierem,
850 1595 1051 1662 ullam
1095 1594 1304 1662 nosti?
1344 1597 1489 1662 dide
1528 1617 1600 1662 ac
1641 1594 1904 1662 dissice!
1944 1619 2056 1682 per
2094 1617 2200 1662 me
2239 1594 2492 1662 licebit:
2535 1600 2588 1663 si
2627 1600 2844 1686 egebis

468 1703 590 1768 tibi
630 1701 871 1768 dolebit
892 1725 909 1780 ;
948 1704 1114 1768 mihi
1159 1711 1257 1768 sat
1303 1709 1433 1779 est,
1486 1705 1598 1790 qui
1648 1705 1871 1768 aetatis
1917 1701 2082 1787 quod
2127 1700 2446 1787 reliquum
2500 1709 2595 1769 est
2640 1703 2846 1770 oblec-

461 1813 613 1874 tem*
642 1809 872 1874 meae.”

549 1913 723 1980 idem
793 1921 1073 1981 metrum
1148 1917 1648 1983 continuandum
1721 1923 1897 2003 puto.
1960 1915 2087 1983 Sed
2147 1917 2358 2002 priora
2419 1937 2574 1994 „cur
2635 1921 2700 1982 te
2754 1953 2842 1967 —

462 2020 792 2109 refugisti”
832 2021 1096 2089 oratoris
1142 2028 1291 2087 sunt
1311 2071 1325 2100 ,
1373 2043 1497 2088 non
1545 2023 1774 2088 comici
1789 2044 1807 2101 ς
1857 2022 2052 2088 nimis
2093 2023 2262 2089 enim
2307 2023 2547 2088 mirum
2585 2021 2747 2088 foret
2788 2023 2846 2087 si

457 2127 524 2192 in
585 2128 912 2194 comoedia
974 2127 1332 2194 adolescens
1398 2129 1538 2214 quis
1596 2135 1667 2194 ut
1715 2129 1970 2196 Caelius
2016 2135 2270 2215 propter
2317 2128 2714 2196 vicinitatem
2763 2127 2844 2194 ad

455 2233 840 2318 pravitatem
901 2233 1295 2300 alliceretur:
1363 2235 1786 2300 adolescentes
1853 2235 2123 2311 comici,
2173 2255 2328 2320 quos
2373 2239 2584 2320 patres
2629 2233 2842 2298 obiur-

455 2345 633 2426 gant,
682 2347 830 2405 suut
874 2339 943 2404 in
992 2340 1180 2407 domo
1230 2352 1511 2427 paterna.
1561 2340 1687 2407 Sed
1734 2341 1881 2408 inde
1928 2363 1965 2407 a
2010 2342 2221 2408 verbis
2273 2366 2383 2407 οων
2435 2340 2700 2406 alienam
2737 2359 2845 2406 ve-

452 2445 650 2532 stigia
694 2446 940 2530 poetica
988 2454 1326 2533 apparent:

546 2549 679 2619 Gur
725 2550 997 2619 alienam
1044 2551 1249 2619 ullam
1298 2553 1637 2621 mulierem
1683 2552 1894 2621 nosti?
1938 2553 2084 2621 dide
2132 2576 2204 2619 ac
2250 2549 2480 2620 disice!

543 2658 667 2725 Per
712 2680 816 2724 me
864 2660 976 2725 tibi
1018 2657 1204 2738 licet,
1250 2662 1305 2725 si
1352 2662 1567 2749 egebis
1616 2661 1735 2727 tibi
1783 2660 2052 2738 dolebit,
2098 2658 2222 2725 πόη
2268 2658 2460 2735 mihi;

528 2764 713 2849 ,Mihi
759 2770 859 2831 sat
902 2772 1031 2840 est,
1080 2766 1190 2851 qui
1236 2764 1462 2832 aetatis
1509 2768 1674 2852 quod
1721 2766 2094 2832 relicuomst
2145 2763 2455 2831 oblectem
2505 2783 2702 2829 meae.

417 2924 427 2940 x
460 2870 849 2938 Ribbeckius
892 2870 999 2937 hic
1048 2891 1292 2957 quoque
1336 2873 1645 2938 iambicos
1693 2874 1867 2939 dedit
1913 2872 2023 2938 sed
2067 2870 2500 2957 imperfectos:

725 3024 1537 3045 ........
1632 3000 1747 3045 cur
1791 2978 2066 3044 alienam
2114 2976 2318 3043 ullam
2363 2975 2702 3043 mulierem

724 3081 955 3151 Nosti?
1050 3129 2645 3149 ...............

730 3236 1875 3255 ...........
1971 3189 2116 3254 dide
2163 3210 2234 3254 ac
2280 3186 2506 3254 dissice

725 3296 851 3363 Per
896 3294 1003 3362 me
1048 3295 1268 3362 licebit
1292 3339 2445 3360 ...........

1074 3451 1087 3465 .
1185 3399 1239 3465 si
1287 3402 1539 3489 egebis,
1589 3402 1710 3466 tibi
1759 3400 2033 3477 dolebit,
2081 3400 2247 3464 mihi
2294 3404 2393 3465 sat
2430 3403 2560 3475 est,

730 3507 858 3587 Qui
903 3506 1131 3575 aetatis
1179 3506 1346 3594 quod
1392 3506 1708 3593 reliquom
1757 3513 1852 3571 est
1898 3505 2211 3572 oblectem
2257 3524 2459 3570 meae.

548 3612 715 3678 Dedi
779 3616 995 3691 disice,
1042 3634 1167 3679 non
1214 3616 1425 3679 dissice
1479 3612 1575 3697 (P.
1626 3616 1768 3679 dide
1813 3637 1884 3677 ac
1929 3614 2122 3689 disce,
2171 3611 2422 3677 emend.
2469 3608 2828 3687 Puteanus3

455 3715 566 3784 alii
628 3719 875 3803 peiora,
940 3719 1209 3785 ridicule
1270 3718 1683 3806 interpolavit
1731 3716 1801 3783 F.
1853 3721 2149 3806 responde
2195 3720 2268 3781 de
2315 3730 2369 3781 te
2415 3740 2486 3782 ac
2529 3717 2832 3799 edissere).

458 3824 554 3888 Ex
626 3842 750 3907 quo
820 3822 1266 3889 Lachmannus
1337 3825 1442 3911 (ad
1499 3822 1581 3889 ΙΙ.
1649 3822 1808 3910 951)
1882 3824 2068 3889 Lucr.
2133 3822 2244 3887 111.
2314 3820 2444 3889 639
2491 3821 2838 3887 dimicetur

456 3929 785 4015 probavit,
851 3928 1079 3993 multis
1140 3931 1299 3996 viris
1365 3930 1567 3996 doctis
1630 3929 1872 4015 placuit
1933 3930 2201 3995 verbum
2265 3929 2692 4014 compositum
2756 3945 2834 3990 ex

454 4036 551 4102 dis
615 4040 679 4102 et
740 4038 894 4101 iac-io
952 4038 1193 4101 dis-eicio
1259 4056 1371 4122 pro
1419 4038 1631 4101 dial-io
1680 4036 1782 4121 (ut
1831 4038 2047 4101 traicio
2067 4082 2083 4111 ,
2134 4037 2354 4111 deicio,
2400 4036 2612 4110 coicio,
2661 4030 2831 4117 rell.)

456 4142 541 4207 Et
586 4149 803 4207 tamen
851 4147 1105 4207 tantum
1157 4141 1336 4207 abest
1383 4147 1456 4207 ut
1501 4144 1847 4207 dissicietur
1893 4144 1976 4206 sit
2019 4140 2457 4226 probandum,
2509 4144 2583 4207 ut
2621 4144 2838 4203 contra

456 4251 542 4311 sit
578 4248 785 4313 forma
820 4247 1083 4312 barbara
1132 4254 1196 4312 et
1243 4250 1413 4313 omni
1460 4246 1791 4334 analogiae
1838 4250 2169 4312 contraria.
2242 4245 2388 4310 Duo
2437 4244 2630 4309 verba
2679 4248 2828 4308 sunt

458 4354 669 4417 dinzio
726 4374 762 4417 a
824 4356 977 4418 iacio
1040 4358 1104 4419 et
1162 4353 1437 4419 alterum
1488 4354 1798 4419 rarissimi
1843 4373 1998 4417 usus
2045 4354 2262 4416 dissic-o
2312 4372 2349 4416 a
2395 4372 2560 4423 seco,·
2607 4348 2840 4413 horum

460 4456 675 4523 futura
724 4465 872 4524 sunt
922 4462 1249 4526 dissecetur
1296 4466 1359 4525 et
1398 4462 1732 4525 disicietur.
1781 4456 2178 4523 Sententiam
2217 4476 2399 4522 suam
2443 4456 2617 4543 (eum
2657 4460 2842 4521 antea
