3369 5142
1327 318 1750 376 morumne.
2646 286 2735 375 89

437 490 786 558 Neminem
833 492 1092 559 offendit
1136 493 1306 579 quod
1349 493 1510 561 dicit
1555 493 1835 561 Pericles
1879 495 1931 561 Ι.
1990 493 2141 561 141.
2188 497 2267 571 ὥς
2307 494 2525 576 ἔμοιγε
2558 494 2741 576 άμει·

351 619 442 661 νον
504 597 667 663 δοκεῖ
726 594 881 663 εἶναι
901 647 918 682 ,
983 604 1048 665 et
1109 602 1314 665 satius
1379 606 1476 667 est
1529 620 1654 666 non
1702 606 1965 688 tangere
2011 599 2119 667 VI.
2169 599 2276 668 99.
2330 603 2741 685 ὑποτειχίζειν

351 702 415 767 δὲ
479 702 727 781 ἄμεινον
790 702 978 769 ἐδόκει
1027 700 1198 770 εἶναι.
1249 710 1314 771 et
1359 706 1475 771 VI.
1525 705 1634 771 34.
1679 706 1847 772 δοκεῖ
1886 706 1951 773 δέ
1998 731 2103 786 μοι
2156 744 2243 757 -
2288 706 2536 789 ἄμεινον
2584 703 2743 775 εἶναι

350 814 418 875 et
461 809 902 895 compluribus
947 809 1094 877 aliis
1141 810 1316 877 locis.

441 1020 735 1109 Thucyd.
785 1022 839 1087 Ι.
891 1020 1001 1089 95.
1050 1019 1279 1101 ξυνέβη
1331 1060 1413 1073 -
1463 1022 1603 1097 τοὺς
1649 1020 2032 1106 ξυμμάχους
2075 1064 2159 1075 -
2201 1030 2347 1109 παρ’
2388 1028 2741 1103 ’Λθηναίους

349 1128 836 1207 μετατάξασθαι
903 1130 1066 1203 πλην
1120 1135 1240 1195 τῶν
1287 1128 1415 1195 άπὸ
1465 1133 1915 1209 Πελοποννησον
1973 1131 2401 1220 [ς’ρατιωτῶν].
2494 1135 2745 1203 Mirum

349 1236 678 1300 neminem
743 1233 1074 1301 offendisse
1137 1238 1204 1300 in
1264 1238 1610 1313 ςρατιωτῶν
1631 1282 1650 1315 ,
1714 1240 1899 1322 quasi
1961 1258 2035 1303 ee
2080 1260 2181 1306 res
2224 1242 2293 1305 in
2336 1242 2591 1307 militum
2633 1262 2743 1328 po-

351 1344 584 1407 testate
627 1340 840 1406 fuerit.
935 1339 1272 1426 Expuncto
1317 1344 1534 1427 inepto
1580 1341 1967 1409 emblemate
2012 1345 2177 1419 πλὴν
2221 1352 2355 1410 τῶν.
2380 1347 2507 1413 άπὸ
2545 1356 2741 1413 Πελο-

353 1446 644 1522 ποννήσου
688 1444 1103 1533 (ξυμμάχων)
1142 1448 1383 1533 optime
1418 1447 1657 1513 habent
1698 1452 1929 1515 omnia.
1981 1449 2221 1517 Eodem
2265 1452 2456 1517 modo
2499 1452 2747 1519 dixerat

353 1550 570 1638 paullo
637 1558 786 1619 ante
855 1552 904 1618 Ι.
969 1550 1078 1619 89.
1137 1553 1542 1637 Λεωτυχίδης
1608 1590 1693 1602 -—
1752 1555 2138 1637 ἀνεχώρησεν
2199 1557 2299 1620 ἐπ’
2359 1556 2519 1624 οἴκου
2582 1558 2743 1639 ἔχων

352 1659 492 1731 τοὺς
539 1658 666 1724 άπὸ
711 1658 1204 1739 Πελοποννήσου,
1250 1661 1366 1726 ubi
1409 1659 1790 1741 ξυμμάχους
1837 1662 1917 1728 ab
1963 1660 2411 1747 interpolatore
2447 1663 2743 1731 additum

355 1764 660 1833 vidimus.

444 1975 734 2064 Thucyd.
798 1975 849 2043 I.
917 1975 1068 2044 101.
1131 1984 1368 2046 πλεῖς-οι
1417 1975 1481 2043 δὲ
1527 1982 1644 2043 τῶν
1689 1977 1979 2044 Εἱλώτων
2027 1975 2299 2057 ἐγένοντο
2345 1979 2396 2045 01
2442 1985 2559 2045 τῶν
2619 2001 2745 2046 πα·

354 2089 543 2149 λαιῶν
619 2081 983 2158 Μεσσηνίων
1067 2080 1237 2171 [τότε
1301 2082 1738 2171 δουλωθέντων]
1802 2082 2115 2162 doz-dyona.
2209 2082 2439 2151 Deleto
2508 2085 2748 2153 emble·

355 2195 531 2256 mate
589 2192 804 2255 omnia
847 2190 1205 2255 rectissime
1250 2189 1620 2276 procedunt.
1712 2190 1778 2257 Ν
1778 2210 1857 2256 on
1909 2195 2046 2257 erat
2089 2210 2248 2277 opus
2295 2188 2558 2257 Graecis
2603 2212 2746 2259 nar-

355 2316 495 2363 rare
578 2296 716 2368 τοὺς
799 2296 1105 2368 παλαιοὺς
1190 2298 1571 2372 Μεσσηνίους
1645 2296 2013 2372 δουλωθῆναί
2080 2320 2253 2363 ποτε.
2364 2296 2536 2363 Satis
2613 2303 2749 2365 eret

358 2404 725 2490 argumenti
792 2422 1013 2469 eorum
1081 2406 1366 2488 posteros
1435 2398 1721 2477 Εἵλωτας
1794 2398 1948 2469 εἶναι
2012 2408 2079 2469 et
2140 2404 2564 2469 durissimum
2628 2405 2749 2471 sub

359 2510 568 2576 saevis
638 2508 912 2575 dominis
959 2511 1338 2577 servitutem
1385 2510 1644 2576 servire.
1742 2506 2020 2576 Videtur
2065 2507 2299 2597 aliquis
2345 2510 2412 2574 in
2457 2510 2750 2599 murgine

358 2613 440 2682 ad
479 2617 841 2690 Μεσσηνίων
885 2613 1044 2682 olim
1091 2615 1506 2702 adscripsisse
1544 2621 1661 2681 τῶν
1715 2637 1864 2680 ποτο
1909 2612 2338 2680 δουλωθέντων.

448 2825 737 2915 Thucyd.
799 2826 851 2892 Ι.
921 2826 1073 2892 104.
1137 2825 1377 2906 Ἰνάρως
1443 2826 1495 2890 δ’
1561 2825 1589 2891 ὃ
1655 2825 2079 2906 Ψαμμιτίχου
2130 2823 2391 2911 [Λίβυς]
2442 2825 2748 2903 βασιλεὺς

359 2931 612 3012 Λιβύων
657 2939 776 2997 τῶν
821 2931 967 3012 πρὸς
1018 2931 1346 3014 Αἰγύπτῳ.
1404 2931 1686 2998 Evidens
1726 2929 2062 2998 emblema.
2110 2930 2465 2998 Emendate
2510 2929 2755 3020 legitur

356 3036 410 3106 Ῑ.
457 3037 610 3106 110.
659 3037 900 3121 Ἰνάρως
950 3037 1010 3104 δὲ
1061 3037 1088 3103 ὃ
1137 3037 1391 3116 Λιβύων
1437 3035 1763 3116 βασιλεύς.

449 3248 739 3338 Thucyd.
802 3249 851 3316 Ι.
919 3251 1070 3318 111.
1133 3247 1386 3328 Ὀρέςης
1436 3247 1463 3312 ὃ
1513 3247 1961 3326 Ἐχεκρατίδου
2010 3247 2193 3330 [υἱὸς]
2245 3251 2352 3313 τοῦ
2406 3249 2744 3316 Θεσσαλῶν

357 3355 689 3433 βασιλέως.
757 3356 967 3423 Nemo
1012 3359 1083 3422 in
1129 3353 1368 3421 talibus
1415 3352 1593 3419 addit
1637 3352 1788 3422 υἱός.
1838 3340 1937 3418 Cf.
1988 3350 2100 3417 VI.
2157 3351 2259 3417 54.
2317 3352 2433 3419 ὑπὸ
2481 3353 2748 3436 Ἱππάρ-

357 3485 477 3542 χου
515 3466 622 3528 τοῦ
661 3461 1100 3544 Πεισισράτου,
1141 3462 1255 3528 ubi
1290 3457 1591 3526 Scholion
1633 3463 1759 3525 est:
1806 3457 2253 3538 Πεισιςράτουτ
2299 3459 2426 3524 υἱοῦ
2453 3457 2752 3534 δηλονοτι.

447 3566 627 3635 Idem
687 3569 995 3635 mendum
1057 3566 1328 3634 sustulit
1384 3563 1775 3632 Herwerden
1832 3561 1947 3630 111.
2020 3562 2128 3630 26.
2195 3563 2345 3646 ὑπὲρ
2392 3565 2749 3634 Παυσανίου

359 3677 468 3739 τοῦ
515 3673 1010 3748 Πλειςοάανκτος
1058 3672 1298 3762 [failed.

448 3883 742 3972 Thucyd.
806 3884 856 3950 1.
922 3882 1077 3950 115.
1140 3881 1476 3957 άποδόντες
1534 3883 1811 3948 Νίσαιαν
1856 3880 1961 3946 καὶ
2011 3879 2241 3960 Πηγάς
2293 3881 2396 3948 καὶ
2444 3881 2746 3963 Τροιζῆνα

360 3991 464 4056 καὶ
530 3991 830 4072 Ἀχαΐαν.
892 3996 959 4056 et
1017 3989 1127 4056 IV.
1192 3989 1302 4056 21.
1337 3987 1704 4061 ’άποδόντες
1754 4025 1837 4036 -
1886 3987 2163 4052 Νίσαιαν
2207 3987 2314 4054 καὶ
2362 3987 2591 4067 Πηγάς
2640 3987 2745 4052 καὶ

359 4099 658 4178 Τροιζῆνα
706 4097 810 4162 καὶ
858 4096 1160 4179 ’Λχαΐαν.
1253 4095 1496 4162 Actum
1545 4096 1654 4181 egi
1698 4113 1814 4179 pro
1858 4093 2133 4160 absurdo
2175 4095 2458 4174 ’Λχαΐαν
2507 4094 2748 4160 utrobi-

359 4223 482 4288 que
528 4223 831 4289 reponens
881 4203 1104 4276 Ἀλιᾶς
1120 4251 1136 4280 ,
1191 4222 1468 4288 namque
1514 4200 1763 4266 dudum
1824 4197 2161 4288 Kn'igerus
2200 4220 2430 4268 verum
2476 4199 2745 4268 videret.

360 4307 698 4386 Caeterum
743 4309 944 4376 stulta
987 4308 1180 4376 lectio
1218 4309 1668 4395 antiquissima
1706 4310 1825 4372 est.
1922 4305 2244 4373 Aristides
2283 4309 2352 4371 in
2390 4307 2526 4371 suis
2562 4304 2746 4371 libris

364 4417 643 4498 ’Λχαΐαν
686 4415 962 4508 legerat,
1005 4423 1078 4481 ut
1125 4414 1190 4482 hi
1237 4420 1512 4500 quatuor
1549 4413 1678 4480 loci
1718 4410 2077 4478 declarant:
2120 4411 2297 4479 Tom.
2325 4411 2373 4476 L
2414 4431 2561 4502 pag.
2588 4409 2743 4482 257.
