3369 5142
1365 322 1787 377 '‘rnucmlnsss.
2638 305 2766 375 447

484 490 775 585 Thucyd.
826 496 943 563 IV.
995 498 1102 565 30.
1153 502 1212 565 4.
1266 498 1576 576 πέμπουσι
1636 504 1866 578 πρῶτον
1914 538 1995 548 -
2045 500 2298 578 κήρυκα.
2374 498 2487 563 IV.
2543 498 2650 565 31.
2703 500 2766 564 1.

395 606 460 668 οὐ
523 604 1017 684 προσδεξαμένων
1066 606 1128 671 δὲ
1175 606 1437 691 [αὐτῶν]
1487 644 1571 655 —-
1622 606 1909 687 ἐπέσχον.
1969 604 2092 670 Ubi
2141 607 2459 690 praecedit
2509 614 2772 685 πρῶτον,

394 711 581 791 μέχρι
646 737 785 791 του,
851 711 997 785 τέως
1072 718 1183 778 aut
1244 713 1457 777 simile
1519 713 1702 798 quid,
1773 732 2116 795 pronomen
2179 714 2378 776 αὐτῶν
2437 715 2775 799 participio

394 839 519 882 non
607 819 883 883 additur.
957 820 1189 883 Dicam
1262 822 1337 883 de
1407 840 1481 883 ea
1549 839 1617 883 re
1687 820 2003 902 copiosius
2067 818 2270 895 infra,
2340 840 2506 884 nune
2571 840 2776 883 unum
2875 824 2880 827 '

397 924 765 1009 exemplum
827 926 1141 1010 proferam
1205 924 1310 990 IV.
1383 923 1529 988 135.
1597 922 1786 1003 μέχρι
1844 925 1958 999 μέν
2007 948 2110 988 του
2159 922 2370 988 ἔλαθεν
2423 964 2505 973 —-
2556 924 2776 989 ἔπειτα

396 1029 602 1107 μέντοι
649 1030 821 1104 εὐθὺς
875 1030 1238 1107 αἰσθομένων
1289 1070 1370 1080 -
1422 1028 1733 1107 ἀπήγαγε
1783 1030 1976 1093 πάλιν
2022 1034 2131 1103 τὴν
2178 1030 2456 1111 ςρατιάν.

488 1272 779 1359 Thucyd.
845 1273 962 1339 IV.
1030 1271 1135 1337 31.
1206 1270 1599 1349 ἀνηγάγοντο
1669 1273 1784 1347 μὲν
1855 1271 2066 1344 νυκτὸς
2133 1273 2285 1338 ’GH'
2352 1274 2575 1351 ὀλίγας
2625 1280 2774 1347 ναῦς

398 1380 537 1447 τοὺς
604 1378 869 1449 ὁπλίτας
932 1380 1177 1451 πάντας
1235 1378 1770 1456 ἐπιβιβάσαντες,
1820 1378 1930 1457 πρὸ
1981 1378 2042 1442 δὲ
2083 1387 2192 1452 τῆς
2246 1378 2317 1442 ἕω
2371 1383 2576 1459 ὀλίγον
2624 1380 2776 1445 ἀπέ-

394 1484 627 1558 βαινον.
678 1482 1149 1567 Supplendum:
1204 1484 1415 1555 νυκτὸς
1464 1486 1640 1547 ’'eTl
1693 1481 1810 1559 ἐπ’,
1858 1504 2134 1567 namque
2175 1492 2578 1571 opponuntur
2611 1489 2778 1552 inter

395 1609 461 1653 se
508 1592 717 1659 νυκτὸς
769 1588 857 1652 ἔτι
907 1596 972 1654 et
1016 1590 1223 1667 ὀλίγον
1270 1588 1380 1669 πρὸ
1422 1598 1531 1663 τῆς
1573 1584 1665 1653 ἕω.
1711 1590 1951 1659 Νυκτὸς
1991 1588 2078 1654 ἔτι
2118 1591 2354 1654 dicitur
2396 1592 2470 1655 de
2497 1599 2777 1656 extrema

395 1678 579 1779 parte
620 1696 837 1759 noetis.
891 1695 1009 1760 IV.
1062 1694 1171 1760 26.
1226 1696 1285 1759 6.
1338 1694 1802 1764 καταπλέοντες
1845 1694 1933 1757 ἔτι
1970 1692 2202 1765 νυκτός.
2253 1694 2542 1760 Fortasse
2582 1700 2777 1761 etiam

396 1798 505 1863 IV.
576 1798 681 1863 70.
750 1804 811 1863 2.
885 1800 1347 1885 supplendum:
1423 1800 1611 1879 ἔτυχε
1684 1801 1812 1878 γὰρ
1881 1803 2092 1871 νυκτὸς
2156 1800 2382 1885 (ἜΤΙ)
2451 1800 2610 1865 'ern
2673 1802 2774 1865 τὸν

394 1904 791 1985 Τριποδίσκον
871 1904 1149 1980 ἐξελθών.
1245 1904 1528 1990 Sequens
1616 1913 1722 1969 en
1805 1906 2223 1970 necessariam
2301 1906 2598 1972 voculam
2667 1908 2775 1971 ab·

394 2011 647 2077 sorbsit.

484 2113 579 2181 Of.
634 2119 830 2182 etiam
878 2116 997 2182 IV.
1054 2116 1205 2182 110.
1256 2117 1629 2197 ἀφικόμενος
1679 2116 1891 2186 νυκτὸς
1941 2114 2028 2181 ἔτι
2081 2116 2185 2180 καὶ
2235 2118 2367 2195 περὶ
2415 2116 2623 2199 ὄρθρον.

484 2360 771 2447 Thucyd.
832 2359 951 2427 IV.
1023 2360 1124 2425 31.
1194 2364 1257 2426 2.
1329 2362 1389 2424 έν
1461 2361 1662 2441 ταύτῃ
1730 2359 1843 2435 μὲν
1915 2369 1992 2440 τῇ
2063 2360 2324 2443 [πρώτῃ]
2389 2364 2646 2443 Φυλακῇ
2695 2362 2772 2433 ὥς

397 2465 727 2545 τριάκοντα
789 2462 942 2540 ἦσαν
1005 2468 1285 2532 ὁπλῖται.
1348 2464 1577 2531 Exime
1640 2464 1876 2544 πρώτῃ,
1938 2485 2018 2529 ne
2079 2468 2276 2530 etiam
2325 2465 2523 2550 altera
2568 2468 2773 2545 πρώτη

408 2575 673 2656 φυλακή
720 2574 916 2638 fuisse
961 2573 1271 2639 videatur.

488 2805 779 2892 Thucyd.
844 2803 964 2869 IV.
1030 2802 1131 2868 31.
1202 2805 1264 2866 2.
1332 2801 1506 2881 μέρος
1555 2824 1613 2865 τι
1664 2799 1732 2868 οὐ
1782 2801 1938 2866 πολὺ
1987 2801 2138 2866 αὐτὸ
2187 2801 2256 2866 τὸ
2305 2799 2575 2882 ἔσχατον
2623 2802 2774 2883 ἐφύ-

396 2931 597 2980 λασσε
667 2921 775 2987 τῆς
854 2909 1050 2984 νήσου.
1142 2907 1268 2974 Pro
1333 2907 1489 2972 αὐτό
1546 2907 1611 2971 in
1676 2907 1860 2972 libris
1921 2911 2016 2972 est
2064 2906 2288 2984 αὐτοῦ,
2335 2910 2402 2972 in
2450 2929 2574 2992 quo
2618 2909 2778 2974 latet

399 3023 660 3105 antiqua
726 3019 921 3083 orasis
982 3015 1367 3094 τοῦσχατον,
1427 3017 1491 3078 et
1537 3015 1627 3078 sic
1675 3034 1967 3099 expunge
2014 3011 2170 3077 αὑτό
2215 3011 2378 3078 nihil
2425 3013 2530 3078 hic
2574 3015 2776 3102 sig-ni-

392 3127 605 3194 ficana.

482 3350 774 3439 Thucyd.
839 3349 959 3416 IV.
1010 3349 1114 3414 32.
1169 3347 1229 3412 3.
1296 3353 1411 3412 τῶν
1473 3347 1706 3428 χωρίων
1753 3345 1839 3412 τά
1886 3347 2393 3428 μετεωρόΤΛΤΛ
2443 3345 2773 3425 λαβόντες.

394 3455 713 3522 Emendat
780 3455 1279 3532 καταλαβόντες.
1350 3453 1517 3518 Loca
1580 3452 1902 3537 superiora
1956 3474 2080 3518 non
2141 3465 2418 3536 ceperunt
2487 3453 2776 3539 (ἔλαβον,

398 3555 621 3648 εἶλον),
686 3583 843 3647 quae
904 3583 1093 3627 nemo
1157 3561 1485 3638 tuebatur,
1538 3559 1645 3624 sed
1693 3565 2052 3641 occuparunt
2097 3549 2532 3644 (κατέλαβον).
2579 3559 2780 3626 Vides

394 3690 508 3735 6111·
553 3667 931 3755 praepositio
978 3667 1257 3753 perierit.

490 3894 782 3980 Thucyd.
831 3891 948 3958 IV.
1003 3893 1109 3959 32.
1166 3893 1229 3957 4.
1282 3893 1453 3957 κατά
1502 3893 1686 3956 νώτου
1731 3892 1828 3955 ἀεὶ
1879 3887 2140 3968 ἔμελλον
2187 3891 2398 3962 αὐτοῖς
2450 3929 2532 3940 -
2580 3889 2628 3959 οἱ
2674 3919 2782 3960 πο-

396 4002 596 4076 λέμιοι
672 4001 915 4064 ἔσεσθαι
986 3998 1157 4078 ψιλοὶ
1224 3991 1333 4063 ’καὶ
1406 3999 1457 4064 οἱ
1530 3997 1931 4078 ἀπορώτατοι.
2023 3995 2284 4062 Frustra
2349 3998 2502 4062 haec
2573 4000 2780 4068 adhuc

394 4112 640 4172 tentata
704 4110 869 4170 sunt.
966 4103 1229 4170 Duabus
1292 4104 1567 4169 literulis
1629 4106 1916 4189 repetitis
1973 4103 2408 4167 scribendum:
2459 4103 2562 4168 καὶ
2626 4102 2777 4172 οἶοι

402 4214 824 4294 ἀπορώτατοι,
898 4231 1021 4294 quo
1092 4231 1277 4275 sensu
1349 4210 1507 4276 solet
1576 4206 1689 4282 οἶος
1760 4231 1907 4275 611111
1978 4207 2383 4293 superlativis
2451 4213 2776 4299 coniungi.

396 4317 583 4382 Plato
659 4318 726 4381 in
799 4317 1090 4401 Symposio
1159 4337 1303 4403 pag.
1376 4315 1505 4379 220
1554 4319 1607 4380 b.
1683 4319 1895 4394 πάγου
1962 4311 2079 4379 οἵου
2150 4311 2510 4379 δεινοτάτου.
2584 4323 2648 4380 et
2708 4321 2777 4382 in

391 4425 680 4508 Apoloyia
740 4443 887 4510 pag.
948 4423 1053 4485 22.
1104 4445 1153 4486 e.
1218 4420 1553 4504 ἀπέχθειαι
1603 4417 1721 4488 οἷαι
1770 4423 2256 4502 χαλεπώταται.
2305 4420 2658 4506 Xenophon
2707 4426 2774 4488 in
