3369 5142
537 221 624 308 44
1227 252 1238 266 ·
1488 243 1873 308 mamm

525 430 783 521 Exigua
838 431 1111 498 mutatio
1161 430 1376 498 lucem
1436 431 1615 497 dabit
1630 453 1648 509 ;
1714 431 1951 498 mutila
2009 433 2322 498 sententia
2368 439 2466 498 est
2514 436 2580 498 et
2633 422 2919 508 αὖτομά·

527 561 716 603 τοισιν
761 540 831 603 in
878 538 1004 603 duo
1049 535 1358 604 vocabula
1398 537 1844 602 dissecandum
1891 543 2023 602 est:

624 645 686 708 ἐν
708 651 832 716 τοῖς
858 642 1046 721 ὄρεσιν
1070 642 1122 710 δ’
1161 645 1256 708 at>
1277 641 1362 707 τό
1376 668 1426 720 μ
1447 666 1490 705 οι
1508 640 1558 707 θ’
1596 637 1715 707 οἷο
1734 667 1752 706 ι
1770 667 1799 706 ν
1841 644 1924 706 τοὶ
1950 645 2287 721 μιμαίκυλ’
2312 643 2539 724 ἐφύετο
2564 641 2796 708 πολλοὶ.

531 748 675 815 Non
740 749 993 836 physici
1053 748 1326 814 alicuius
1372 748 1528 814 haec
1577 747 1770 814 verba
1814 755 1993 826 sunt,
2048 751 2241 815 sicuti
2283 748 2609 816 Dobraeus
2658 749 2923 815 arbitra-

532 859 674 932 tur,
722 857 825 921 cui
872 876 1039 920 nunc
1083 855 1345 940 quidem
1393 855 1752 919 emendatio
1800 857 2067 920 minime
2114 859 2458 940 successit,
2508 857 2621 921 sed
2668 857 2918 921 Aristo-

534 960 772 1046 phanes
852 960 1242 1025 versiculum
1313 962 1526 1045 posuit
1591 963 1660 1024 in
1727 959 1903 1025 aurei
1974 961 2211 1026 saeculi
2283 963 2724 1048 descriptione.
2821 960 2921 1026 Ad

535 1066 807 1133 verbum
852 1069 1142 1132 convenit
1190 1065 1462 1132 Ovidius
1508 1065 1770 1130 Metam.
1826 1064 1858 1130 I
1911 1064 2080 1131 104:

993 1171 1414 1256 Contentique
1459 1171 1647 1236 rebus
1694 1172 1860 1235 nullo
1906 1179 2137 1253 eoyente
2182 1176 2411 1239 creatis

989 1279 1284 1342 Arbuteoe
1320 1278 1498 1364 fetus
1541 1285 1934 1363 montanaque
1977 1277 2159 1366 fraga
2202 1277 2519 1367 legebant.

537 1383 828 1469 Denique
874 1381 1042 1470 apud
1091 1381 1413 1448 Pollucem
1447 1381 1580 1448 VII.
1631 1381 1759 1448 162
1781 1405 1795 1448 :
1846 1388 2154 1463 λεπρᾶν
2202 1383 2488 1465 κεράμιον
2527 1385 2728 1466 ὄξηρὸν
2775 1385 2915 1450 ἀντὶ

540 1494 649 1556 τοῦ
709 1488 970 1567 μυδᾶν
1027 1488 1434 1571 Ἀριςοφοὶνης
1497 1487 1707 1574 λέγει,
1768 1489 2031 1556 sortasse
2094 1491 2443 1576 praestabit
2500 1497 2807 1572 λεπρῶν
2858 1497 2924 1557 et

540 1596 803 1676 μυδῶν
849 1596 1205 1662 rescribere.

631 1807 882 1875 Accedo
914 1807 996 1873 ad
1033 1809 1299 1874 tertium
1341 1806 1640 1873 Meinekii
1677 1804 1979 1873 volumen
2020 1817 2084 1872 et
2120 1807 2502 1894 Antiphanis
2540 1809 2922 1897 fragmenta,

543 1915 610 1980 in
658 1913 890 2000 quibus
935 1915 1090 1978 satis
1137 1911 1346 1978 multa
1391 1915 1587 1978 etiam
1634 1913 1821 1979 hodie
1866 1913 2240 2000 corrigenda
2285 1934 2419 1979 esse
2463 1915 2669 1981 vide0.
2736 1913 2923 2002 Legi-

544 2026 652 2084 tur
695 2020 863 2105 apud
909 2019 1308 2084 Athenaeum
1352 2016 1466 2082 111.
1515 2039 1574 2102 p.
1631 2017 1761 2082 122
1806 2017 1902 2096 D,
1953 2017 2267 2084 Meinekii
2312 2024 2409 2085 est
2453 2023 2689 2108 pagina
2740 2021 2861 2104 15,

1480 2123 1579 2188 ἐπὶ
1629 2123 1700 2188 τὸ
1748 2131 2123 2204 κκινουργεῖν
2168 2125 2412 2206 Φέρου

1089 2227 1272 2303 οὕτως
1321 2229 1596 2306 ἐκείνως,
1646 2234 1825 2295 τοῦτο
1872 2230 2229 2309 γιγνώσκων
2276 2229 2368 2296 ὅτι

1089 2332 1150 2401 ἓν
1197 2337 1400 2403 καινὸν
1445 2335 1835 2417 ἐγχείρημα,
1885 2335 2002 2402 κᾶν
2054 2338 2357 2418 τολμηρὸν
2408 2335 2464 2420 ᾖ,

1089 2449 1330 2508 πολλῶν
1379 2449 1660 2506 παλαιῶν
1710 2442 1799 2511 ε’ςι
1848 2445 2324 2524 χρησιμώτερον.

541 2551 686 2621 Non
756 2552 908 2619 novi
969 2551 1088 2617 hoc
1153 2570 1340 2616 sensu
1403 2549 1670 2616 verbum
1725 2547 2031 2631 Φέρεσθοιι
2091 2553 2382 2636 usurpari
2433 2556 2497 2618 et
2544 2551 2926 2618 commendo

532 2660 862 2741 τρέπου,
929 2658 1120 2721 sicuti
1181 2654 1350 2740 apud
1410 2655 1907 2739 Aristophanem
1970 2655 2211 2743 legitur
2271 2656 2388 2742 Eq.
2447 2679 2539 2725 vs.
2590 2656 2771 2723 986:
2824 2658 2924 2723 ἐπὶ

537 2766 624 2831 τὰ
669 2764 904 2844 βελτίω
953 2761 1192 2841 τρέπου.
1237 2760 1357 2847 Pg.
1403 2759 1490 2824 23
1531 2759 1667 2824 Mk.
1704 2758 2105 2845 Antiphanes
2147 2762 2224 2827 de
2261 2762 2645 2849 Aesculapio
2692 2764 2923 2828 tradit:

719 2872 828 2944 τὴν
875 2868 938 2933 δὲ
985 2873 1184 2948 γραῦν
1231 2868 1340 2941 τὴν
1388 2863 1775 2931 ἀσθενοῦσαν
1825 2865 1987 2932 πάνυ
2036 2866 2277 2946 πάλαι,
2329 2869 2438 2944 τὴν
2483 2869 2812 2954 βρυτικήν,

720 2974 894 3057 ῥίζιον
940 2974 1168 3055 τρίψας
1216 2997 1276 3038 τι
1325 2974 1612 3053 μικρὸν
1661 2972 1966 3045 δελεάσας
2016 2998 2087 3038 τε
2134 2986 2379 3056 γεννικῇ

719 3081 789 3147 τὸ
836 3081 1096 3160 μέγεθος
1145 3081 1317 3161 κοίλῃ
1363 3089 1613 3161 λεποοςῇ
1660 3080 1830 3144 τοῦτ’
1882 3082 2061 3146 ἕποι’
2076 3108 2109 3155 n
2129 3081 2184 3145 τ’
2232 3082 2485 3148 ἐκπιεῖν.

537 3186 800 3255 Blandis
869 3188 1081 3255 verbis
1146 3186 1478 3273 persuadet
1547 3186 1971 3271 Aesculapius
1991 3236 2008 3270 ‚
2079 3185 2367 3252 vetulam
2430 3172 2555 3253 non
2612 3191 2681 3255 vi
2748 3192 2928 3279 cogit

535 3296 752 3380 itaque
811 3294 1083 3361 verbum
1129 3300 1318 3358 ποιεῖν
1366 3294 1582 3357 minus
1629 3291 2181 3358 accommodatum
2232 3298 2368 3369 est,
2417 3294 2582 3377 quod
2631 3296 2924 3362 ostendet

535 3398 862 3485 Epicrates
901 3400 1138 3467 Athen.
1183 3398 1270 3464 VI
1317 3396 1448 3463 262
1486 3397 1582 3463 D:
1633 3389 1660 3460 ὃ
1704 3396 1765 3461 δὲ
1806 3401 2008 3477 χολᾶν
2054 3404 2247 3475 ποιεῖ,
2286 3398 2509 3478 γάςριν
2534 3404 2791 3467 καλοῦσι
2819 3400 2924 3469 vel

537 3504 869 3591 Nicophon
914 3504 1149 3571 Athen.
1197 3502 1296 3568 111
1338 3502 1426 3567 80
1473 3503 1557 3572 A.
1611 3504 1722 3586 qui
1770 3502 2002 3568 febrim
2054 3502 2212 3568 dicit
2259 3502 2430 3581 ἐμεῖν
2480 3514 2669 3572 ποιεῖν
2716 3507 2916 3589 χολήν

536 3610 644 3679 vel
710 3609 1118 3698 Hegesippus
1186 3607 1423 3674 Athen.
1494 3606 1614 3673 VII
1680 3605 1815 3672 290
1866 3605 1958 3671 D:
2022 3608 2280 3682 ἐποίησα
2342 3609 2482 3684 τοὺς
2542 3612 2913 3691 δοικρύοντοις

536 3721 741 3798 γελᾶν
801 3723 865 3783 et
924 3716 1103 3782 mille
1148 3713 1261 3781 alii
1303 3714 1450 3781 loci.
1545 3712 1760 3781 Codex
1805 3714 2000 3779 habet
2046 3716 2323 3789 ἐποίησεν
2348 3765 2363 3796 ,
2415 3738 2528 3803 pro
2574 3737 2698 3803 quo
2747 3718 2919 3801 equi·

537 3826 686 3893 dem
745 3825 1052 3891 scribam:
1118 3820 1464 3887 ἔπεισεν.
1561 3822 1798 3887 Deinde
1862 3824 2105 3906 optime
2152 3824 2414 3907 quidem
2462 3824 2697 3889 dicitur
2747 3819 2921 3905 ῥίζιον

536 3930 781 4011 μικρόν,
840 3934 948 3997 sed
1007 3930 1134 3995 1uit
1179 3934 1393 3994 tamen
1439 3930 1565 3992 nisi
1609 3926 1798 3992 fallor
1842 3952 2050 3991 amara
2097 3928 2314 4013 radix,
2363 3949 2558 4015 quam
2604 3926 2914 3993 Aescula—

537 4040 686 4125 pius
747 4035 999 4104 vetulae
1062 4035 1257 4101 dedit.
1349 4031 1520 4097 Hinc
1581 4034 1882 4099 coniicio:
1944 4032 2117 4116 ῥίζιον
2184 4034 2414 4115 τρίψεις
2476 4031 2762 4113 πικρόν
2822 4056 2920 4099 τι.

538 4142 686 4212 Jam
731 4142 1055 4210 Homerus
1099 4140 1286 4206 Iliad.
1337 4150 1396 4205 Λ
1447 4136 1613 4204 846:

1537 4244 1636 4309 ἐπὶ
1690 4246 1751 4309 δὲ
1798 4242 1965 4327 ῥίζαν
2011 4244 2184 4321 βοὶλε
2233 4244 2445 4324 πικρήν

1211 4349 1388 4435 χερσὶ
1437 4350 1770 4433 διατρίψας
1789 4399 1808 4436 ,
1857 4351 2256 4435 ὀδυνήφατον.
