3369 5142
582 311 713 385 372·
1656 337 1900 388 monuo.

564 509 817 594 factum
861 520 969 592 est,
1016 521 1087 572 ut
1132 509 1245 574 iste
1278 545 1364 558 —
1401 509 1471 574 T.
1521 510 1749 577 Roscio
1807 507 2101 596 Capitoni
2141 511 2538 597 poti-ssimum
2601 505 2959 574 nuntiaret?

666 615 931 679 Editur:
1006 616 1162 701 [qua
1228 618 1495 702 ratione]
1571 618 1794 683 Roscio
1873 613 2166 703 Capitoni
2237 619 2525 705 primum
2601 613 2958 680 nuntiavit?

579 717 799 787 Cicero
845 723 1129 807 primum
1175 743 1308 787 rem
1357 723 1593 790 factam
1642 744 1776 789 esse
1813 729 2062 799 narrat,
2106 722 2334 788 deinde
2375 743 2632 788 eausam
2673 721 2962 807 requirit.

668 929 745 995 In
804 932 839 1016 ᾖ
892 928 1058 998 100:
1122 933 1307 997 habeo
1366 935 1555 997 etiam
1616 935 1809 998 dicere
1869 955 2048 1019 quem
2108 945 2324 998 contra
2373 954 2604 996 morem
2651 933 2963 996 maiorum

578 1040 880 1102 minorem
940 1041 1121 1103 annis
1182 1040 1503 1124 sexayinta
1562 1043 1635 1104 de
1691 1052 1883 1126 ponte
1943 1043 2009 1104 in
2085 1039 2350 1105 Tiberim
2407 1041 2703 1104 deiecerit.
2795 1037 2966 1104 Male

582 1142 739 1208 olim
802 1147 1159 1229 suspicatus
1218 1165 1365 1209 sum
1425 1147 1491 1208 in
1550 1145 1818 1210 Tiberim
1863 1167 1996 1212 esse
2044 1147 2360 1220 insiticia,
2408 1145 2600 1229 idque
2649 1143 2966 1232 Pluygers

583 1250 896 1334 probavit.
960 1249 1217 1315 Nollem
1279 1250 1547 1315 factum.
1596 1249 1850 1330 Cicero,
1903 1255 2013 1336 qui
2061 1273 2138 1316 ne
2186 1272 2376 1316 senex
2424 1250 2680 1336 quidem
2731 1271 2768 1315 a
2810 1252 2966 1316 iocis

585 1359 650 1420 et
716 1355 965 1421 facetiis
1034 1362 1387 1442 temperare
1450 1363 1731 1442 poterat,
1807 1378 2006 1442 quum
2069 1356 2322 1424 crudele
2385 1357 2629 1422 facinus
2686 1365 2968 1422 narraret

584 1461 891 1525 hominem
949 1464 1023 1526 de
1056 1475 1249 1549 ponte
1294 1463 1361 1526 in
1394 1464 1637 1550 flumen
1674 1465 2083 1552 praecipitem
2128 1466 2384 1540 datum,
2433 1484 2544 1548 per
2589 1465 2802 1528 iocum
2859 1464 2966 1528 ad·

584 1567 749 1632 didit
816 1570 1119 1634 minorem
1186 1571 1366 1633 annis
1435 1573 1756 1655 sexaqinta
1775 1618 1792 1648 ,
1864 1572 2044 1655 quasi
2114 1570 2192 1634 de
2267 1571 2548 1634 comitiis
2610 1575 2676 1634 et
2739 1589 2963 1653 campo

582 1678 901 1761 ageretur.

676 1779 763 1845 Ut
819 1781 889 1848 h.
918 1780 963 1847 l.
1024 1786 1193 1848 recte
1238 1782 1481 1870 legitur
1526 1785 1829 1848 minorem
1874 1787 2055 1848 annis
2099 1785 2448 1868 seraqinta,
2500 1785 2590 1846 sic
2638 1783 2674 1866 ξ
2722 1779 2805 1846 38
2851 1802 2963 1867 pro

583 1911 777 1953 anno-3
836 1901 1022 1954 natue
1084 1892 1289 1954 maior
1344 1891 1766 1976 quadraqinta
1811 1889 2192 1978 legendum:
2243 1908 2424 1954 ann18
2475 1889 2715 1974 [natus]
2761 1891 2964 1954 maior

582 1996 1022 2080 quadraqinta.
1074 1996 1152 2061 ef.
1204 1995 1283 2061 ad
1332 1994 1701 2061 Cornelium
1747 1996 1908 2081 Nep.
1957 2017 2104 2083 pag.
2159 1995 2265 2062 14.
2479 1983 2482 1986 ⁴

674 2195 753 2259 In
798 2198 833 2280 ἓ
887 2193 1049 2261 103:
1112 2196 1461 2282 Africanus
1511 2234 1591 2243 —
1641 2199 1698 2261 si
1757 2219 1870 2260 sua
1932 2219 2028 2260 res
2072 2209 2357 2282 aqeretur
2403 2197 2796 2262 testimonum
2841 2218 2962 2259 non

583 2304 841 2378 diceret,·
904 2326 1053 2366 nam
1111 2302 1270 2366 illud
1313 2304 1380 2366 in
1428 2303 1609 2366 talem
1656 2305 1861 2366 virum
1905 2326 2028 2368 non
2072 2305 2266 2370 audeo
2313 2305 2508 2368 dicere
2522 2328 2541 2367 .·
2589 2305 2645 2368 si
2689 2305 2963 2379 dicerer,

584 2429 706 2470 non
752 2409 1112 2472 crederetur.

674 2508 994 2580 Correxit:
1044 2517 1100 2579 si
1142 2517 1392 2593 diceret,
1440 2517 1496 2580 ei
1538 2538 1661 2580 non
1705 2517 2066 2581 crederetur.

673 2722 745 2787 In
807 2725 842 2809 ᾖ
892 2723 1053 2789 105:
1126 2738 1303 2790 curat
1374 2724 1802 2812 Chrysoqonue
1870 2740 1940 2791 ut
1999 2730 2126 2791 eius
2187 2727 2342 2793 bona
2403 2740 2653 2793 veneant
2712 2728 2925 2793 statim
2946 2774 2962 2805 ,

582 2831 690 2915 qui
750 2853 873 2894 non
932 2844 1118 2897 norat
1178 2832 1482 2897 hominem
1546 2846 1655 2897 aut
1715 2856 1861 2897 rem.
1958 2833 2052 2898 At
2112 2837 2222 2920 qui
2278 2838 2334 2899 ei
2376 2837 2534 2899 venit
2589 2837 2656 2899 in
2702 2847 2960 2899 mentem
3019 2848 3025 2854 '

573 2938 841 3024 praedia
922 2941 1329 3026 concupiscere
1414 2940 1679 3003 hominis
1749 2942 1946 3024 ignoti
1963 2986 1978 3017 ,
2051 2962 2230 3027 que-m
2301 2944 2546 3007 omnino
2615 2963 2960 3026 numquam

581 3040 871 3106 viderat?

673 3148 850 3214 Haec
906 3150 1001 3215 ita
1060 3150 1513 3238 distinguenda
1558 3172 1694 3217 esse
1741 3158 1990 3218 monet:
2051 3150 2248 3217 Curat
2299 3190 2380 3201 --
2429 3167 2680 3218 veneant
2725 3156 2959 3218 statim.

588 3254 712 3335 Qui
754 3278 877 3321 non
926 3269 1109 3322 norat
1154 3257 1457 3322 hominem
1505 3271 1615 3322 aut
1662 3280 1823 3335 rem,
1871 3261 1981 3345 qui
2021 3261 2079 3323 ei
2123 3262 2284 3325 venit
2329 3263 2395 3325 in
2441 3272 2700 3325 mentem
2748 3264 2866 3325 cet.

669 3464 747 3529 In
808 3466 843 3550 ᾖ
895 3465 1060 3531 109:
1123 3470 1283 3533 venit
1340 3469 1409 3532 in
1455 3471 1651 3533 decem
1688 3472 1922 3556 primis
1971 3468 2280 3556 [legatus]
2339 3472 2404 3534 in
2449 3483 2660 3536 caetra
2717 3468 2959 3559 Capito.

665 3570 941 3637 Moleste
1004 3572 1329 3638 abundans
1386 3574 1618 3659 leqatue
1666 3575 1923 3641 delevit.
1974 3573 2406 3640 simillimum
2452 3578 2756 3642 mendum
2803 3576 2963 3642 latet

576 3676 643 3741 in
704 3678 740 3761 ᾖ
792 3678 954 3741 117:
1016 3701 1228 3744 novem
1290 3680 1559 3745 homines
1624 3682 2077 3747 honestissimos
2124 3684 2390 3746 eiusdem
2438 3687 2708 3748 muneris
2756 3683 2958 3770 [lega-

577 3782 793 3869 tionis]
851 3786 1033 3869 officii
1073 3788 1630 3873 mandatorumque
1676 3790 1864 3851 socios
1911 3788 2179 3865 indua-it,
2221 3790 2468 3877 decepit,
2511 3793 2806 3868 destituit,
2849 3791 2959 3855 ubi

573 3887 895 3976 Pluygers
942 3890 1261 3974 leqationis
1309 3895 1638 3978 expunxit.

664 4101 739 4166 Iu
794 4104 831 4187 ξ
881 4102 1044 4168 121:
1117 4114 1203 4165 est
1265 4102 1564 4189 quiddam
1611 4106 1779 4189 quod
1823 4106 2197 4183 occultatur,-
2247 4112 2413 4193 quod
2457 4133 2578 4195 quo
2623 4114 2956 4176 studiosius

573 4211 649 4275 ab
695 4210 849 4297 ipsis
904 4206 1304 4297 opprimitur
1346 4221 1405 4273 et
1449 4210 1843 4275 absconditur
1887 4234 1953 4276 eo
1999 4215 2198 4298 maqie
2245 4216 2462 4280 eminet
2509 4230 2565 4281 et
2611 4233 2894 4305 apparet.

664 4314 790 4379 Pro
853 4317 1269 4403 opprimitur,
1318 4315 1485 4399 quod
1531 4336 1655 4382 non
1697 4322 1792 4383 est
1839 4318 2032 4383 huius
2079 4318 2241 4399 loci,
2293 4322 2660 4389 emendavit
2708 4328 2956 4409 suppri-

574 4423 789 4489 mitur.
