3369 5142
1315 318 1742 379 mornmaA.
2581 306 2710 375 301

422 492 575 584 Gap.
620 498 727 585 62,
777 498 819 564 2
868 500 973 565 καὶ
1020 500 1145 580 γὰρ
1196 496 1443 575 τοξόται
1490 500 1706 565 πολλοὶ
1754 498 1860 563 καὶ
1909 498 2226 567 ακοντιςαὶ
2275 498 2704 577 ἐπιβήσονται,

331 605 465 669 καὶ
536 603 735 685 ὄχλο
767 634 798 681 ς
864 601 907 689 ᾧ
980 608 1346 688 ναυμαχίαν
1417 606 1529 684 μὲν
1601 605 1942 683 ποιούμενοι
2003 606 2062 669 ἐν
2122 604 2395 681 πελάγει
2461 605 2567 670 οὐκ
2630 606 2758 671 ἄν’

334 711 655 790 ἐχρώμεθα
718 713 819 778 διὰ
881 714 952 779 τὸ
998 714 1315 793 βλάπτειν
1363 714 1439 780 ἂν
1486 715 1555 778 τὸ
1602 724 1714 789 τῆς
1761 712 2064 789 §necdum-
2113 720 2190 793 τῇ
2238 710 2544 791 βαρύτητι
2593 719 2712 777 τῶν

332 824 507 893 νεῶν,
573 820 633 882 ἐν
701 819 765 885 δὲ
835 830 911 903 τῇ
982 819 1206 887 ἐνθάδε
1277 818 1720 901 ἠναγκασμένη
1782 818 1907 883 ἀπὸ
1973 826 2090 883 τῶν
2153 824 2292 882 νεῶν
2337 816 2712 903 πεζομαχίᾳ

334 924 761 1007 πρόσφορα
827 925 985 995 ἔςαι.
1078 926 1339 995 Classen
1400 928 1546 1007 „xxi
1611 926 1800 1007 ὄχλος
1861 926 2026 991 habe
2083 925 2189 990 ich
2248 944 2400 991 vom
2446 925 2712 991 Vorauf-

336 1031 707 1118 „gehenden
755 1034 955 1101 durch
1000 1034 1475 1121 Interpunction
1522 1039 1846 1121 getrennt:
1903 1054 1968 1099 es
2014 1033 2184 1098 steht
2230 1053 2394 1099 zwar
2431 1032 2594 1097 auch
2632 1054 2710 1131 pu

336 1136 782 1216 »ἐπιβήσονται
843 1145 910 1206 in
972 1146 1255 1207 aiisserer
1309 1139 1715 1227 Beziehung,
1779 1138 1938 1204 doch
1999 1160 2119 1203 nur
2180 1140 2248 1203 in
2317 1138 2463 1203 dem
2517 1136 2714 1223 allge-

337 1247 631 1323 „meinen
702 1245 924 1314 Sinne:
999 1248 1131 1313 und
1201 1268 1267 1314 es
1338 1246 1499 1312 wird
1568 1246 1849 1311 dadurch
1918 1266 1998 1310 an
2057 1245 2228 1310 Bord
2289 1247 2429 1311 eine
2472 1243 2712 1331 Menge

338 1350 719 1429 „Menschen
776 1376 1143 1421 zusammen
1205 1352 1565 1420 kommen.”
1658 1350 1879 1432 Qualis
1938 1354 2371 1437 interpretatio
2429 1351 2539 1417 vix
2584 1352 2712 1436 ipsi

338 1462 581 1523 auctori
620 1460 987 1527 satisfaciet.
1033 1461 1372 1527 Manifesto
1394 1508 1409 1538 ‚
1449 1462 1505 1524 si
1544 1458 1745 1523 Thuc.
1786 1460 1876 1523 sic
1901 1460 2186 1543 scripsit,
2211 1458 2398 1540 ὄχλος
2425 1458 2713 1523 diversus

337 1568 433 1629 est
478 1585 517 1629 a
560 1568 911 1653 sagittariis
959 1574 1023 1634 et
1071 1567 1559 1649 iaculatoribus,
1608 1567 1758 1651 quia
1804 1570 2020 1629 tamen
2066 1564 2232 1629 nulli
2277 1563 2392 1630 alii
2437 1566 2530 1629 sic
2587 1566 2714 1629 dici

335 1676 719 1754 potuerunt,
782 1676 957 1741 locus
1018 1684 1349 1759 corruptus
1407 1672 1491 1736 sit
1553 1690 1801 1736 necesse
1859 1677 1974 1737 est.
2067 1669 2244 1736 Duas
2289 1670 2477 1737 video
2523 1674 2712 1735 corri-

338 1778 527 1858 gendi
591 1782 865 1846 rationes
885 1829 900 1859 ‚
972 1787 1047 1845 ut
1117 1792 1229 1845 aut
1298 1777 1505 1844 deleto
1568 1776 1671 1841 καὶ
1735 1775 1921 1859 ὄχλος
1988 1780 2344 1864 corrigatur
2387 1771 2510 1861 οἷς,
2561 1782 2674 1843 aut
2693 1828 2710 1861 ,

344 1883 512 1966 quod
556 1888 767 1972 magis
813 1887 1080 1964 arridet,
1132 1886 1485 1951 scribamus
1530 1884 1956 1961 ἐπιβήσονται.
2004 1884 2153 1948 Καὶ
2203 1882 2418 1966 ὄχλῳ
2477 1906 2716 1962 ναυμα-

339 1990 495 2069 χίαν
534 1990 645 2066 μὲν
686 1992 1025 2070 ποιούμενοι
1064 1993 1195 2059 κτὲ.
1246 1991 1315 2057 ln
1360 1990 1768 2077 sequentibus
1815 1994 1986 2056 recte
2025 1987 2286 2056 Classen
2347 1987 2714 2071 πρόσφορος

341 2098 682 2162 correxisse
768 2098 1043 2165 videtur.
1126 2098 1365 2165 'Potum
1445 2098 1661 2163 locum
1733 2099 1822 2161 sic
1889 2098 2428 2182 interpunxerim:
2501 2096 2714 2161 πάντα

346 2202 744 2279 ἡτοίμασται.
797 2207 901 2269 καὶ
972 2208 1099 2286 γὰρ
1166 2204 1414 2283 τοξόται
1484 2203 1699 2267 πολλοὶ
1765 2204 1866 2267 καὶ
1930 2202 2247 2270 ακοντιςαὶ
2310 2203 2712 2281 ε’πιβήσονται

345 2308 479 2393 (καὶ
534 2308 665 2394 [vel
714 2313 943 2397 καίτοι]
996 2310 1165 2393 ὄχλῳ
1214 2310 1584 2391 ναυμαχίαν
1630 2310 1744 2387 μὲν
1791 2308 2132 2386 ποιούμενοι
2178 2309 2240 2373 ἐν
2284 2308 2555 2386 πελάγει
2609 2310 2714 2373 οὐκ

342 2412 420 2478 ἂν
475 2415 795 2495 ἐχρώμεθα
846 2455 931 2465 -
980 2418 1315 2500 πρόσφορος
1362 2416 1555 2502 ἔςαι),
1606 2412 1859 2495 ηὕρηται
1908 2412 1966 2479 δ’
2015 2415 2160 2493 ἡμῖν
2209 2416 2336 2479 κτὲ.
2383 2414 2716 2481 Pertinent

342 2522 511 2596 enim
558 2523 713 2590 haec
761 2526 976 2591 omnia
1019 2525 1099 2591 ad
1141 2524 1664 2611 praeparationes.

432 2625 584 2714 Cap.
650 2627 759 2714 64,
818 2629 863 2696 2
934 2631 1038 2696 καὶ
1106 2628 1482 2709 ἐνθυμεῖσθε
1542 2631 1679 2694 καθ’
1746 2629 2002 2700 ἑκάςους
2061 2653 2132 2693 τε
2197 2628 2301 2693 καὶ
2351 2627 2714 2708 ξύμπαντες

345 2729 436 2798 ὅτι
501 2737 567 2800 οἱ
630 2737 707 2799 ἒν
772 2744 959 2808 ταῖς
1021 2739 1299 2802 ναυσὶν
1351 2737 1560 2813 ὑμῶν
1608 2739 1744 2800 νῦν
1789 2735 2170 2814 ἐσόμενοι
2219 2734 2323 2800 καὶ
2373 2733 2541 2816 πεζοὶ
2590 2744 2716 2809 τοῖς

348 2838 701 2917 Ἀθηναίοις
774 2843 888 2908 εἶσὶ
952 2845 1059 2909 καὶ
1126 2853 1302 2918 νῆες
1364 2845 1469 2908 καὶ
1537 2845 1571 2919 ἧ
1638 2841 1966 2914 ὑπόλοιπος
2025 2840 2203 2915 πόλις
2267 2841 2374 2907 καὶ
2421 2843 2492 2906 τὸ
2538 2841 2716 2919 μέγα

344 2947 529 3026 ὄνομα
581 2955 697 3014 τῶν
744 2947 1019 3024 Ἀθηνῶν
1041 3000 1059 3036 ,
1103 2951 1231 3016 κτέ.
1284 2949 1408 3031 Qui
1453 2951 1700 3035 primus
1745 2969 1939 3034 quam
1987 2948 2254 3014 absurde
2291 2948 2446 3014 haec
2482 2951 2718 3033 scripta

348 3057 479 3120 sint
544 3056 997 3122 animadvertit
1064 3055 1358 3122 Badham
1377 3106 1395 3140 ,
1468 3054 1732 3120 delenda
1803 3056 2070 3120 coniecit
2138 3055 2331 3120 verba
2390 3057 2442 3119 οἱ
2504 3060 2569 3119 et
2614 3057 2718 3118 νῦν

347 3161 648 3248 ἐσόμενοι,
716 3164 855 3241 sed,
924 3168 999 3228 ut
1060 3167 1301 3248 optime
1346 3159 1665 3228 intellexit
1709 3159 2324 3249 Miiller-Stn’ibing,
2370 3161 2462 3226 ita
2508 3165 2721 3224 manet

344 3269 558 3354 inepte
618 3269 865 3335 dictum
928 3271 989 3336 ἐν
1048 3277 1193 3340 ταῖς
1254 3269 1462 3333 ναυσίν
1518 3287 1651 3334 esse
1699 3271 1868 3339 ναῦς.
1916 3265 2126 3340 Quare
2171 3286 2284 3350 pro
2331 3267 2435 3331 καὶ
2484 3273 2617 3340 νῆες
2664 3267 2720 3329 is

346 3375 681 3440 substituit
739 3378 772 3452 ἦ
832 3373 1143 3454 ξύμπασα
1210 3374 1487 3452 δύναμις.
1536 3373 1630 3438 At
1675 3371 1958 3450 fallitur,
2004 3392 2156 3437 nam
2200 3371 2394 3438 verba
2441 3370 2543 3435 καὶ
2585 3377 2716 3443 νῆες

346 3480 483 3565 ipso
530 3481 816 3567 opposito
863 3482 966 3548 καὶ
1018 3481 1190 3561 πεζοί
1233 3483 1658 3567 requiruntur.
1710 3476 1809 3545 Cf.
1856 3479 1927 3543 in
1963 3482 2100 3564 ipso
2147 3478 2340 3542 huius
2378 3477 2530 3543 libri
2565 3474 2710 3542 fine:

351 3585 750 3671 πανωλεθρία
808 3588 878 3661 33,
942 3589 1011 3653 τὸ
1075 3588 1407 3668 λεγόμενον
1471 3587 1576 3652 καὶ
1641 3585 1824 3666 πεζὸς
1887 3585 1992 3649 καὶ
2056 3593 2189 3660 νῆες
2253 3585 2358 3649 καὶ
2417 3583 2580 3651 οὐδὲν
2626 3581 2718 3648 ὅτι

352 3694 460 3758 οὐκ
504 3693 810 3758 ἀπώλετο.
904 3693 1122 3780 Neque
1167 3695 1380 3762 verbis
1430 3695 1463 3769 ἧ
1511 3691 1822 3770 ξύμπασα
1873 3690 2131 3770 δύναμις
2176 3689 2352 3756 locus
2398 3696 2494 3757 est
2537 3711 2719 3775 prop-

351 3803 451 3864 ter
504 3802 851 3886 sequentia.
942 3800 1183 3867 Melius
1241 3807 1409 3867 certe
1468 3801 1834 3865 coniecisset
1897 3798 1999 3863 καὶ
2048 3823 2078 3862 ν
2095 3823 2140 3862 α
2161 3802 2249 3862 ῦτ
2267 3821 2380 3882 αι,
2427 3797 2536 3863 sed
2579 3817 2721 3883 pro-

353 3905 631 3972 babilius
693 3906 962 3973 arbitror
1022 3905 1427 3973 Badhamum
1493 3927 1616 3972 non
1678 3907 2034 3972 restituisse
2093 3907 2413 3990 scriptoris
2459 3925 2721 3970 manum

354 4018 419 4080 et
465 4013 1097 4100 circumspiciendam
1143 4033 1276 4079 esse
1322 4013 1517 4080 aliam
1565 4014 1903 4079 verborum
1946 4009 2038 4078 ὅτι
2081 4048 2166 4060 -
2207 4011 2473 4089 ἐσόμενοι
2513 4031 2722 4076 emen-

358 4119 677 4192 dationem
694 4170 710 4200 ,
776 4120 856 4186 de
915 4121 1147 4206 quibus
1206 4119 1408 4186 obiter
1472 4138 1698 4186 moneo
1750 4119 1986 4184 frustra
2029 4138 2136 4183 me
2183 4137 2476 4204 quaerere
2494 4165 2511 4196 ,
2553 4115 2722 4181 unde

358 4222 615 4293 Classen
656 4245 998 4313 pronomen
1041 4228 1204 4304 ὑμῶν
1244 4227 1673 4312 explicaturus
1712 4223 1943 4290 efficiat
1987 4224 2210 4290 Niciae
2233 4225 2512 4289 concioni
2533 4224 2724 4288 inter-

356 4330 549 4397 fuisse
610 4335 806 4399 etiam
868 4352 1090 4421 aegros
1150 4339 1215 4398 et
1274 4335 1550 4410 saucios;
1618 4330 1787 4416 quod
1833 4337 1896 4396 et
1943 4351 2055 4416 per
2097 4351 2163 4396 se
2210 4329 2552 4396 admodum
2601 4332 2723 4393 im·-

354 4439 675 4524 probabile
758 4447 854 4508 est
932 4448 997 4507 et
1063 4458 1379 4525 nusquam
1448 4437 1686 4506 dicitur
1754 4457 1791 4503 a
1859 4439 2183 4524 scriptore.
2275 4434 2720 4522 Quaerendum
