<?xml version="1.0" encoding="UTF-8"?>
<!DOCTYPE html PUBLIC "-//W3C//DTD XHTML 1.0 Transitional//EN"
    "http://www.w3.org/TR/xhtml1/DTD/xhtml1-transitional.dtd">
<html xmlns="http://www.w3.org/1999/xhtml" xml:lang="en" lang="en">
 <head>
  <title>
</title>
<meta http-equiv="Content-Type" content="text/html;charset=utf-8" />
  <meta name='ocr-system' content='tesseract 3.04.00' />
  <meta name='ocr-capabilities' content='ocr_page ocr_carea ocr_par ocr_line ocrx_word'/>
</head>
<body>
  <div class='ocr_page' id='page_1' title='image "./mnemosynevolume01verdgoog_0443.png"; bbox 0 0 3369 5142; ppageno 0'>
   <div class='ocr_carea' id='block_1_1' title="bbox 1377 324 2745 447">
    <p class='ocr_par' dir='ltr' id='par_1_1' title="bbox 1377 324 2745 447">
     <span class='ocr_line' id='line_1_1' title="bbox 1377 324 2745 447; baseline -0.001 -2"><span class='ocrx_word' id='word_1_1' title='bbox 1377 324 1764 447; x_wconf 72' lang='lat' dir='ltr'><strong>comcoauu.</strong></span> <span class='ocrx_word' id='word_1_2' title='bbox 2621 374 2745 446; x_wconf 84' lang='lat'><strong>411</strong></span> 
     </span>
    </p>
   </div>
   <div class='ocr_carea' id='block_1_2' title="bbox 380 568 2762 1715">
    <p class='ocr_par' dir='ltr' id='par_1_2' title="bbox 380 568 2762 1084">
     <span class='ocr_line' id='line_1_2' title="bbox 382 568 2756 657; baseline -0.002 -21"><span class='ocrx_word' id='word_1_3' title='bbox 382 570 643 637; x_wconf 88' lang='lat' dir='ltr'><strong>demum</strong></span> <span class='ocrx_word' id='word_1_4' title='bbox 705 572 873 637; x_wconf 86' lang='lat' dir='ltr'><strong>recte</strong></span> <span class='ocrx_word' id='word_1_5' title='bbox 934 568 1335 657; x_wconf 73' lang='lat' dir='ltr'><strong>intelligetur</strong></span> <span class='ocrx_word' id='word_1_6' title='bbox 1350 618 1367 644; x_wconf 89' lang='lat'><em>‚</em></span> <span class='ocrx_word' id='word_1_7' title='bbox 1413 571 1471 635; x_wconf 86' lang='lat' dir='ltr'><strong>si</strong></span> <span class='ocrx_word' id='word_1_8' title='bbox 1516 568 1726 635; x_wconf 87' lang='lat' dir='ltr'><strong>deleta</strong></span> <span class='ocrx_word' id='word_1_9' title='bbox 1769 568 2277 653; x_wconf 73' lang='lat' dir='ltr'><strong>interpunctione</strong></span> <span class='ocrx_word' id='word_1_10' title='bbox 2321 572 2465 653; x_wconf 90' lang='lat' dir='ltr'><strong>post</strong></span> <span class='ocrx_word' id='word_1_11' title='bbox 2506 591 2756 633; x_wconf 79' lang='grc' dir='ltr'><strong><em>πιστευ-</em></strong></span> 
     </span>
     <span class='ocr_line' id='line_1_3' title="bbox 384 674 2758 762; baseline -0 -21"><span class='ocrx_word' id='word_1_12' title='bbox 384 674 661 755; x_wconf 76' lang='grc' dir='ltr'><strong><em>θήσομαι</em></strong></span> <span class='ocrx_word' id='word_1_13' title='bbox 680 724 697 754; x_wconf 86' lang='grc'><em>,</em></span> <span class='ocrx_word' id='word_1_14' title='bbox 743 697 857 762; x_wconf 89' lang='lat' dir='ltr'><strong>pro</strong></span> <span class='ocrx_word' id='word_1_15' title='bbox 906 674 1038 741; x_wconf 77' lang='grc' dir='ltr'><strong><em>οὐδέ</em></strong></span> <span class='ocrx_word' id='word_1_16' title='bbox 1084 679 1437 762; x_wconf 78' lang='lat' dir='ltr'>reposueris</span> <span class='ocrx_word' id='word_1_17' title='bbox 1480 676 1549 739; x_wconf 72' lang='grc' dir='ltr'><strong>εἰ</strong></span> <span class='ocrx_word' id='word_1_18' title='bbox 1597 675 1695 739; x_wconf 79' lang='grc' dir='ltr'><strong>δέ.</strong></span> <span class='ocrx_word' id='word_1_19' title='bbox 1781 674 1898 739; x_wconf 84' lang='lat' dir='ltr'><strong>Est</strong></span> <span class='ocrx_word' id='word_1_20' title='bbox 1942 675 2063 740; x_wconf 91' lang='lat' dir='ltr'><strong>hoc</strong></span> <span class='ocrx_word' id='word_1_21' title='bbox 2109 680 2397 759; x_wconf 89' lang='lat' dir='ltr'><strong>apertum</strong></span> <span class='ocrx_word' id='word_1_22' title='bbox 2445 674 2523 739; x_wconf 91' lang='lat' dir='ltr'><strong>ad</strong></span> <span class='ocrx_word' id='word_1_23' title='bbox 2568 674 2758 740; x_wconf 87' lang='lat' dir='ltr'><strong>intel-</strong></span> 
     </span>
     <span class='ocr_line' id='line_1_4' title="bbox 380 780 2760 871; baseline -0.001 -22"><span class='ocrx_word' id='word_1_24' title='bbox 380 784 715 871; x_wconf 88' lang='lat' dir='ltr'><strong>ligendum</strong></span> <span class='ocrx_word' id='word_1_25' title='bbox 764 790 829 849; x_wconf 92' lang='lat' dir='ltr'><strong>et</strong></span> <span class='ocrx_word' id='word_1_26' title='bbox 876 787 1066 869; x_wconf 84' lang='lat' dir='ltr'><strong>pauci</strong></span> <span class='ocrx_word' id='word_1_27' title='bbox 1122 784 1537 859; x_wconf 86' lang='lat' dir='ltr'><strong>dubitabunt,</strong></span> <span class='ocrx_word' id='word_1_28' title='bbox 1588 785 1688 848; x_wconf 91' lang='lat' dir='ltr'><strong>uti</strong></span> <span class='ocrx_word' id='word_1_29' title='bbox 1737 782 2025 847; x_wconf 76' lang='lat' dir='ltr'><strong>arbitror.</strong></span> <span class='ocrx_word' id='word_1_30' title='bbox 2096 780 2346 847; x_wconf 89' lang='lat' dir='ltr'><strong>Vitium</strong></span> <span class='ocrx_word' id='word_1_31' title='bbox 2392 784 2460 846; x_wconf 89' lang='lat' dir='ltr'><strong>in</strong></span> <span class='ocrx_word' id='word_1_32' title='bbox 2500 802 2760 867; x_wconf 86' lang='lat' dir='ltr'><strong>sequen-</strong></span> 
     </span>
     <span class='ocr_line' id='line_1_5' title="bbox 380 888 2762 977; baseline -0.001 -22"><span class='ocrx_word' id='word_1_33' title='bbox 380 890 555 956; x_wconf 79' lang='lat' dir='ltr'><strong>tibus</strong></span> <span class='ocrx_word' id='word_1_34' title='bbox 602 894 677 955; x_wconf 88' lang='lat' dir='ltr'><strong>ut</strong></span> <span class='ocrx_word' id='word_1_35' title='bbox 716 896 1097 977; x_wconf 78' lang='lat' dir='ltr'><strong>agnoscatur</strong></span> <span class='ocrx_word' id='word_1_36' title='bbox 1112 936 1131 967; x_wconf 89' lang='lat'><strong>,</strong></span> <span class='ocrx_word' id='word_1_37' title='bbox 1173 889 1364 975; x_wconf 86' lang='lat' dir='ltr'><strong>paulo</strong></span> <span class='ocrx_word' id='word_1_38' title='bbox 1401 889 1588 975; x_wconf 89' lang='lat' dir='ltr'><strong>plura</strong></span> <span class='ocrx_word' id='word_1_39' title='bbox 1629 888 2039 953; x_wconf 84' lang='lat' dir='ltr'><strong>describenda</strong></span> <span class='ocrx_word' id='word_1_40' title='bbox 2083 895 2302 965; x_wconf 80' lang='lat' dir='ltr'><strong>erunt3</strong></span> <span class='ocrx_word' id='word_1_41' title='bbox 2332 888 2500 953; x_wconf 84' lang='lat' dir='ltr'><strong>dicet</strong></span> <span class='ocrx_word' id='word_1_42' title='bbox 2523 906 2762 973; x_wconf 87' lang='lat' dir='ltr'><strong>coquus</strong></span> 
     </span>
     <span class='ocr_line' id='line_1_6' title="bbox 382 993 2752 1084; baseline -0.003 -21"><span class='ocrx_word' id='word_1_43' title='bbox 382 1002 447 1063; x_wconf 88' lang='lat' dir='ltr'><strong>et</strong></span> <span class='ocrx_word' id='word_1_44' title='bbox 507 997 850 1072; x_wconf 84' lang='lat' dir='ltr'><strong>describet,</strong></span> <span class='ocrx_word' id='word_1_45' title='bbox 917 1017 1109 1081; x_wconf 89' lang='lat' dir='ltr'><strong>quam</strong></span> <span class='ocrx_word' id='word_1_46' title='bbox 1160 999 1451 1084; x_wconf 79' lang='lat' dir='ltr'><strong>egregrie</strong></span> <span class='ocrx_word' id='word_1_47' title='bbox 1499 999 1654 1062; x_wconf 87' lang='lat' dir='ltr'><strong>tosti</strong></span> <span class='ocrx_word' id='word_1_48' title='bbox 1697 994 1993 1081; x_wconf 79' lang='lat' dir='ltr'><strong>pisciculi</strong></span> <span class='ocrx_word' id='word_1_49' title='bbox 2037 996 2324 1061; x_wconf 84' lang='lat' dir='ltr'><strong>convivis</strong></span> <span class='ocrx_word' id='word_1_50' title='bbox 2369 993 2752 1079; x_wconf 80' lang='lat' dir='ltr'><strong>placuerint:</strong></span> 
     </span>
    </p>

    <p class='ocr_par' dir='ltr' id='par_1_3' title="bbox 654 1100 2067 1182">
     <span class='ocr_line' id='line_1_7' title="bbox 654 1100 2067 1182; baseline 0.001 -16"><span class='ocrx_word' id='word_1_51' title='bbox 654 1105 764 1177; x_wconf 71' lang='grc' dir='ltr'><strong><em>την</em></strong></span> <span class='ocrx_word' id='word_1_52' title='bbox 814 1103 1021 1177; x_wconf 67' lang='grc' dir='ltr'><strong><em>ἡδονὴν</em></strong></span> <span class='ocrx_word' id='word_1_53' title='bbox 1069 1102 1097 1167; x_wconf 79' lang='grc' dir='ltr'><em>ὃ</em></span> <span class='ocrx_word' id='word_1_54' title='bbox 1146 1108 1372 1182; x_wconf 79' lang='grc' dir='ltr'><strong><em>πρῶτος</em></strong></span> <span class='ocrx_word' id='word_1_55' title='bbox 1428 1104 1631 1167; x_wconf 80' lang='grc' dir='ltr'><strong><em>αὐτῶν</em></strong></span> <span class='ocrx_word' id='word_1_56' title='bbox 1666 1100 2067 1179; x_wconf 76' lang='grc' dir='ltr'><strong><em>καταμαθὼν</em></strong></span> 
     </span>
    </p>

    <p class='ocr_par' dir='ltr' id='par_1_4' title="bbox 651 1206 2142 1291">
     <span class='ocr_line' id='line_1_8' title="bbox 651 1206 2142 1291; baseline -0.001 -17"><span class='ocrx_word' id='word_1_57' title='bbox 651 1219 762 1283; x_wconf 77' lang='grc' dir='ltr'><strong>τῆς</strong></span> <span class='ocrx_word' id='word_1_58' title='bbox 813 1208 1079 1282; x_wconf 73' lang='grc' dir='ltr'><strong><em>λοπάδος</em></strong></span> <span class='ocrx_word' id='word_1_59' title='bbox 1101 1257 1118 1287; x_wconf 88' lang='grc'><strong><em>,</em></strong></span> <span class='ocrx_word' id='word_1_60' title='bbox 1167 1209 1516 1285; x_wconf 67' lang='grc' dir='ltr'><strong><em>ἀνεπήδησε</em></strong></span> <span class='ocrx_word' id='word_1_61' title='bbox 1566 1206 1892 1291; x_wconf 71' lang='grc' dir='ltr'><strong><em>κᾶφευγεν</em></strong></span> <span class='ocrx_word' id='word_1_62' title='bbox 1939 1209 2142 1289; x_wconf 78' lang='grc' dir='ltr'><strong><em>κύκλῳ</em></strong></span> 
     </span>
    </p>

    <p class='ocr_par' dir='ltr' id='par_1_5' title="bbox 651 1312 2390 1398">
     <span class='ocr_line' id='line_1_9' title="bbox 651 1312 2390 1398; baseline 0.001 -19"><span class='ocrx_word' id='word_1_63' title='bbox 651 1318 761 1389; x_wconf 66' lang='grc' dir='ltr'><strong><em>τὴν</em></strong></span> <span class='ocrx_word' id='word_1_64' title='bbox 805 1314 1033 1381; x_wconf 70' lang='grc' dir='ltr'><strong><em>λοπάδ’</em></strong></span> <span class='ocrx_word' id='word_1_65' title='bbox 1080 1312 1281 1398; x_wconf 77' lang='grc' dir='ltr'><strong><em>ἔχων,</em></strong></span> <span class='ocrx_word' id='word_1_66' title='bbox 1330 1314 1515 1381; x_wconf 75' lang='grc' dir='ltr'><strong><em>ἄλλοι</em></strong></span> <span class='ocrx_word' id='word_1_67' title='bbox 1562 1318 1615 1383; x_wconf 85' lang='grc' dir='ltr'><strong>δ’</strong></span> <span class='ocrx_word' id='word_1_68' title='bbox 1665 1316 1903 1381; x_wconf 75' lang='grc' dir='ltr'><strong><em>ἐδίωκον</em></strong></span> <span class='ocrx_word' id='word_1_69' title='bbox 1950 1316 2123 1380; x_wconf 67' lang='grc' dir='ltr'><strong><em>κατὰ</em></strong></span> <span class='ocrx_word' id='word_1_70' title='bbox 2171 1312 2390 1389; x_wconf 82' lang='grc' dir='ltr'><strong><em>πόδας.</em></strong></span> 
     </span>
    </p>

    <p class='ocr_par' dir='ltr' id='par_1_6' title="bbox 651 1421 2086 1504">
     <span class='ocr_line' id='line_1_10' title="bbox 651 1421 2086 1504; baseline -0.001 -17"><span class='ocrx_word' id='word_1_71' title='bbox 651 1421 791 1499; x_wconf 79' lang='grc' dir='ltr'><strong><em>ε’ξῆν</em></strong></span> <span class='ocrx_word' id='word_1_72' title='bbox 828 1422 1173 1504; x_wconf 78' lang='grc' dir='ltr'><strong><em>ὀλολύζειν·</em></strong></span> <span class='ocrx_word' id='word_1_73' title='bbox 1222 1424 1275 1488; x_wconf 77' lang='grc' dir='ltr'><strong>οἱ</strong></span> <span class='ocrx_word' id='word_1_74' title='bbox 1321 1424 1439 1503; x_wconf 76' lang='grc' dir='ltr'><strong><em>μὲν</em></strong></span> <span class='ocrx_word' id='word_1_75' title='bbox 1480 1422 1765 1504; x_wconf 69' lang='grc' dir='ltr'><strong><em>ἥρπασαν</em></strong></span> <span class='ocrx_word' id='word_1_76' title='bbox 1812 1447 1871 1488; x_wconf 78' lang='grc' dir='ltr'><strong>τι</strong></span> <span class='ocrx_word' id='word_1_77' title='bbox 1921 1421 2086 1503; x_wconf 68' lang='grc' dir='ltr'><strong>γάρ,</strong></span> 
     </span>
    </p>

    <p class='ocr_par' dir='ltr' id='par_1_7' title="bbox 650 1526 2293 1614">
     <span class='ocr_line' id='line_1_11' title="bbox 650 1526 2293 1614; baseline -0.001 -21"><span class='ocrx_word' id='word_1_78' title='bbox 650 1530 701 1593; x_wconf 83' lang='grc' dir='ltr'><strong>οί</strong></span> <span class='ocrx_word' id='word_1_79' title='bbox 750 1528 803 1592; x_wconf 86' lang='grc' dir='ltr'><strong>δ’</strong></span> <span class='ocrx_word' id='word_1_80' title='bbox 849 1528 1054 1614; x_wconf 79' lang='grc' dir='ltr'><strong><em>οὐδέν,</em></strong></span> <span class='ocrx_word' id='word_1_81' title='bbox 1102 1530 1154 1593; x_wconf 79' lang='grc' dir='ltr'><strong>οἱ</strong></span> <span class='ocrx_word' id='word_1_82' title='bbox 1202 1529 1265 1593; x_wconf 77' lang='grc' dir='ltr'><strong>δὲ</strong></span> <span class='ocrx_word' id='word_1_83' title='bbox 1317 1528 1630 1593; x_wconf 71' lang='grc' dir='ltr'><strong><em>πάντα·</em></strong></span> <span class='ocrx_word' id='word_1_84' title='bbox 1680 1530 1882 1595; x_wconf 81' lang='grc' dir='ltr'><strong><em>καίτοι</em></strong></span> <span class='ocrx_word' id='word_1_85' title='bbox 1929 1526 2293 1609; x_wconf 74' lang='grc' dir='ltr'><strong><em>παρέλαβον</em></strong></span> 
     </span>
    </p>

    <p class='ocr_par' dir='ltr' id='par_1_8' title="bbox 653 1632 1972 1715">
     <span class='ocr_line' id='line_1_12' title="bbox 653 1632 1972 1715; baseline -0.001 -16"><span class='ocrx_word' id='word_1_86' title='bbox 653 1633 846 1715; x_wconf 79' lang='grc' dir='ltr'><strong><em>ἰχθῦς</em></strong></span> <span class='ocrx_word' id='word_1_87' title='bbox 894 1638 1236 1713; x_wconf 71' lang='grc' dir='ltr'><strong><em>ποταμίους</em></strong></span> <span class='ocrx_word' id='word_1_88' title='bbox 1288 1632 1609 1709; x_wconf 77' lang='grc' dir='ltr'><strong><em>ἐσθίοντας</em></strong></span> <span class='ocrx_word' id='word_1_89' title='bbox 1659 1634 1972 1715; x_wconf 79' lang='grc' dir='ltr'><strong><em>βόρβορον.</em></strong></span> 
     </span>
    </p>
   </div>
   <div class='ocr_carea' id='block_1_3' title="bbox 381 1740 2886 1829">
    <p class='ocr_par' dir='ltr' id='par_1_9' title="bbox 381 1740 2886 1829">
     <span class='ocr_line' id='line_1_13' title="bbox 381 1740 2886 1829; baseline 0 -22"><span class='ocrx_word' id='word_1_90' title='bbox 381 1741 750 1807; x_wconf 87' lang='lat' dir='ltr'><strong>Absurdum</strong></span> <span class='ocrx_word' id='word_1_91' title='bbox 797 1747 895 1807; x_wconf 89' lang='lat' dir='ltr'><strong>est</strong></span> <span class='ocrx_word' id='word_1_92' title='bbox 940 1740 1175 1807; x_wconf 69' lang='grc' dir='ltr'><strong><em>πάντα.</em></strong></span> <span class='ocrx_word' id='word_1_93' title='bbox 1248 1740 1415 1821; x_wconf 81' lang='lat' dir='ltr'><strong>Quid</strong></span> <span class='ocrx_word' id='word_1_94' title='bbox 1462 1741 1896 1829; x_wconf 86' lang='lat' dir='ltr'><strong>reponendum</strong></span> <span class='ocrx_word' id='word_1_95' title='bbox 1945 1740 2083 1807; x_wconf 76' lang='lat' dir='ltr'><strong>est?</strong></span> <span class='ocrx_word' id='word_1_96' title='bbox 2129 1740 2377 1828; x_wconf 89' lang='lat' dir='ltr'><strong>Nempe</strong></span> <span class='ocrx_word' id='word_1_97' title='bbox 2419 1762 2762 1807; x_wconf 88' lang='lat' dir='ltr'><strong>numerum</strong></span> <span class='ocrx_word' id='word_1_98' title='bbox 2883 1752 2886 1755; x_wconf 81' lang='grc'><strong><em>’</em></strong></span> 
     </span>
    </p>
   </div>
   <div class='ocr_carea' id='block_1_4' title="bbox 294 1846 2762 2673">
    <p class='ocr_par' dir='ltr' id='par_1_10' title="bbox 294 1846 2762 2673">
     <span class='ocr_line' id='line_1_14' title="bbox 382 1846 2762 1934; baseline 0.001 -21"><span class='ocrx_word' id='word_1_99' title='bbox 382 1848 813 1914; x_wconf 86' lang='lat' dir='ltr'><strong>desideramus</strong></span> <span class='ocrx_word' id='word_1_100' title='bbox 874 1854 939 1914; x_wconf 89' lang='lat' dir='ltr'><strong>et</strong></span> <span class='ocrx_word' id='word_1_101' title='bbox 996 1848 1279 1934; x_wconf 84' lang='lat' dir='ltr'><strong>proclive</strong></span> <span class='ocrx_word' id='word_1_102' title='bbox 1344 1855 1440 1913; x_wconf 87' lang='lat' dir='ltr'><strong>est</strong></span> <span class='ocrx_word' id='word_1_103' title='bbox 1503 1850 1809 1914; x_wconf 88' lang='lat' dir='ltr'><strong>scribere.</strong></span> <span class='ocrx_word' id='word_1_104' title='bbox 1873 1850 1925 1914; x_wconf 77' lang='grc' dir='ltr'><strong>οἱ</strong></span> <span class='ocrx_word' id='word_1_105' title='bbox 1989 1848 2053 1913; x_wconf 77' lang='grc' dir='ltr'><strong>δὲ</strong></span> <span class='ocrx_word' id='word_1_106' title='bbox 2118 1872 2170 1911; x_wconf 87' lang='grc' dir='ltr'><strong><em>π</em></strong></span> <span class='ocrx_word' id='word_1_107' title='bbox 2187 1849 2216 1913; x_wconf 80' lang='grc' dir='ltr'>έ</span> <span class='ocrx_word' id='word_1_108' title='bbox 2235 1872 2265 1911; x_wconf 89' lang='grc' dir='ltr'><strong><em>ν</em></strong></span> <span class='ocrx_word' id='word_1_109' title='bbox 2281 1872 2320 1911; x_wconf 82' lang='grc' dir='ltr'><strong><em>τ</em></strong></span> <span class='ocrx_word' id='word_1_110' title='bbox 2335 1874 2389 1915; x_wconf 86' lang='grc' dir='ltr'><strong>ε.</strong></span> <span class='ocrx_word' id='word_1_111' title='bbox 2495 1846 2762 1915; x_wconf 84' lang='lat' dir='ltr'><strong>Videbis</strong></span> 
     </span>
     <span class='ocr_line' id='line_1_15' title="bbox 382 1952 2762 2047; baseline 0 -28"><span class='ocrx_word' id='word_1_112' title='bbox 382 1954 706 2020; x_wconf 89' lang='lat' dir='ltr'><strong>interdum</strong></span> <span class='ocrx_word' id='word_1_113' title='bbox 764 1957 835 2019; x_wconf 90' lang='lat' dir='ltr'><strong>in</strong></span> <span class='ocrx_word' id='word_1_114' title='bbox 879 1955 1206 2020; x_wconf 81' lang='lat' dir='ltr'><strong>comoedia</strong></span> <span class='ocrx_word' id='word_1_115' title='bbox 1252 1974 1367 2040; x_wconf 91' lang='lat' dir='ltr'><strong>pro</strong></span> <span class='ocrx_word' id='word_1_116' title='bbox 1413 1976 1679 2047; x_wconf 86' lang='lat' dir='ltr'><strong>numero</strong></span> <span class='ocrx_word' id='word_1_117' title='bbox 1726 1952 2056 2019; x_wconf 89' lang='lat' dir='ltr'><strong>indefinito</strong></span> <span class='ocrx_word' id='word_1_118' title='bbox 2104 1954 2213 2019; x_wconf 90' lang='lat' dir='ltr'><strong>sed</strong></span> <span class='ocrx_word' id='word_1_119' title='bbox 2261 1956 2506 2041; x_wconf 82' lang='lat' dir='ltr'><strong>exiguo</strong></span> <span class='ocrx_word' id='word_1_120' title='bbox 2541 1957 2762 2039; x_wconf 83' lang='lat' dir='ltr'><strong>quina-</strong></span> 
     </span>
     <span class='ocr_line' id='line_1_16' title="bbox 382 2057 2573 2147; baseline -0.001 -22"><span class='ocrx_word' id='word_1_121' title='bbox 382 2062 555 2125; x_wconf 88' lang='lat' dir='ltr'><strong>rium</strong></span> <span class='ocrx_word' id='word_1_122' title='bbox 599 2062 926 2147; x_wconf 88' lang='lat' dir='ltr'><strong>usurpari,</strong></span> <span class='ocrx_word' id='word_1_123' title='bbox 975 2059 1181 2127; x_wconf 83' lang='lat' dir='ltr'><strong>veluti</strong></span> <span class='ocrx_word' id='word_1_124' title='bbox 1225 2060 1623 2147; x_wconf 79' lang='lat' dir='ltr'><strong>Antiphanes</strong></span> <span class='ocrx_word' id='word_1_125' title='bbox 1668 2060 1837 2125; x_wconf 82' lang='lat' dir='ltr'><strong>dixit</strong></span> <span class='ocrx_word' id='word_1_126' title='bbox 1881 2060 2114 2126; x_wconf 87' lang='lat' dir='ltr'><strong>Athen.</strong></span> <span class='ocrx_word' id='word_1_127' title='bbox 2163 2059 2259 2125; x_wconf 91' lang='lat' dir='ltr'><strong>IX</strong></span> <span class='ocrx_word' id='word_1_128' title='bbox 2307 2057 2436 2126; x_wconf 85' lang='lat'><strong>397</strong></span> <span class='ocrx_word' id='word_1_129' title='bbox 2483 2063 2573 2123; x_wconf 85' lang='grc' dir='ltr'><strong>Α</strong></span> 
     </span>
     <span class='ocr_line' id='line_1_17' title="bbox 294 2163 2345 2251; baseline -0.002 -16"><span class='ocrx_word' id='word_1_130' title='bbox 294 2172 299 2179; x_wconf 81' lang='grc'><em>’</em></span> <span class='ocrx_word' id='word_1_131' title='bbox 560 2166 788 2247; x_wconf 76' lang='grc' dir='ltr'><strong><em>χρηςόν</em></strong></span> <span class='ocrx_word' id='word_1_132' title='bbox 834 2166 1153 2248; x_wconf 87' lang='grc' dir='ltr'><strong><em>ανθρωπον</em></strong></span> <span class='ocrx_word' id='word_1_133' title='bbox 1199 2167 1253 2232; x_wconf 85' lang='grc' dir='ltr'><strong>δ’</strong></span> <span class='ocrx_word' id='word_1_134' title='bbox 1300 2166 1410 2231; x_wconf 60' lang='lat' dir='ltr'><strong>gaiu</strong></span> <span class='ocrx_word' id='word_1_135' title='bbox 1456 2191 1550 2239; x_wconf 78' lang='grc' dir='ltr'><strong>τις</strong></span> <span class='ocrx_word' id='word_1_136' title='bbox 1599 2163 1706 2231; x_wconf 78' lang='grc' dir='ltr'><strong>ἕνα</strong></span> <span class='ocrx_word' id='word_1_137' title='bbox 1756 2166 1933 2246; x_wconf 75' lang='grc' dir='ltr'><strong><em>μόνον</em></strong></span> <span class='ocrx_word' id='word_1_138' title='bbox 1980 2164 2168 2246; x_wconf 80' lang='grc' dir='ltr'><strong><em>ζητῶν</em></strong></span> <span class='ocrx_word' id='word_1_139' title='bbox 2213 2166 2345 2251; x_wconf 67' lang='grc' dir='ltr'><strong><em>ἴδη,</em></strong></span> 
     </span>
     <span class='ocr_line' id='line_1_18' title="bbox 569 2270 2481 2351; baseline 0 -14"><span class='ocrx_word' id='word_1_140' title='bbox 569 2271 750 2351; x_wconf 74' lang='grc' dir='ltr'><strong><em>ὄψετ’</em></strong></span> <span class='ocrx_word' id='word_1_141' title='bbox 799 2274 870 2337; x_wconf 79' lang='grc' dir='ltr'><strong>ἐκ</strong></span> <span class='ocrx_word' id='word_1_142' title='bbox 913 2273 1129 2338; x_wconf 79' lang='grc' dir='ltr'><strong><em>τούτου</em></strong></span> <span class='ocrx_word' id='word_1_143' title='bbox 1175 2272 1460 2351; x_wconf 79' lang='grc' dir='ltr'><strong><em>πονηροὺς</em></strong></span> <span class='ocrx_word' id='word_1_144' title='bbox 1508 2272 1745 2337; x_wconf 77' lang='grc' dir='ltr'><strong><em>πέντε</em></strong></span> <span class='ocrx_word' id='word_1_145' title='bbox 1793 2270 2032 2345; x_wconf 84' lang='grc' dir='ltr'><strong><em>παῖδας</em></strong></span> <span class='ocrx_word' id='word_1_146' title='bbox 2077 2270 2481 2351; x_wconf 73' lang='grc' dir='ltr'><strong><em>γεγονότας.,</em></strong></span> 
     </span>
     <span class='ocr_line' id='line_1_19' title="bbox 382 2377 1694 2466; baseline 0 -21"><span class='ocrx_word' id='word_1_147' title='bbox 382 2378 675 2466; x_wconf 78' lang='lat' dir='ltr'><strong>Lynceus</strong></span> <span class='ocrx_word' id='word_1_148' title='bbox 720 2384 939 2445; x_wconf 86' lang='lat' dir='ltr'><strong>autem</strong></span> <span class='ocrx_word' id='word_1_149' title='bbox 982 2377 1218 2444; x_wconf 82' lang='lat' dir='ltr'><strong>Athen.</strong></span> <span class='ocrx_word' id='word_1_150' title='bbox 1267 2378 1375 2444; x_wconf 91' lang='lat' dir='ltr'><strong>IV.</strong></span> <span class='ocrx_word' id='word_1_151' title='bbox 1430 2377 1555 2443; x_wconf 85' lang='lat'><strong>131</strong></span> <span class='ocrx_word' id='word_1_152' title='bbox 1604 2378 1694 2445; x_wconf 82' lang='lat' dir='ltr'><strong>F.</strong></span> 
     </span>
     <span class='ocr_line' id='line_1_20' title="bbox 1287 2482 2328 2565; baseline -0.002 -14"><span class='ocrx_word' id='word_1_153' title='bbox 1287 2482 1604 2565; x_wconf 82' lang='grc' dir='ltr'><strong><em>παρέθηκε</em></strong></span> <span class='ocrx_word' id='word_1_154' title='bbox 1650 2484 1888 2550; x_wconf 85' lang='grc' dir='ltr'><strong><em>πίνακα</em></strong></span> <span class='ocrx_word' id='word_1_155' title='bbox 1936 2484 2064 2565; x_wconf 71' lang='grc' dir='ltr'><strong>γὰρ</strong></span> <span class='ocrx_word' id='word_1_156' title='bbox 2116 2485 2328 2564; x_wconf 72' lang='grc' dir='ltr'><strong><em>μέγαν</em></strong></span> 
     </span>
     <span class='ocr_line' id='line_1_21' title="bbox 792 2587 2297 2673; baseline -0.001 -16"><span class='ocrx_word' id='word_1_157' title='bbox 792 2591 1026 2673; x_wconf 78' lang='grc' dir='ltr'><strong><em>ἔχοντα</em></strong></span> <span class='ocrx_word' id='word_1_158' title='bbox 1074 2592 1321 2673; x_wconf 77' lang='grc' dir='ltr'><strong><em>μικροὺς</em></strong></span> <span class='ocrx_word' id='word_1_159' title='bbox 1371 2593 1570 2658; x_wconf 80' lang='grc' dir='ltr'><strong><em>πέντ’</em></strong></span> <span class='ocrx_word' id='word_1_160' title='bbox 1590 2617 1621 2658; x_wconf 86' lang='grc' dir='ltr'><strong><em>ε</em></strong></span> <span class='ocrx_word' id='word_1_161' title='bbox 1668 2592 2063 2665; x_wconf 75' lang='grc' dir='ltr'><strong><em>πινακίσκους</em></strong></span> <span class='ocrx_word' id='word_1_162' title='bbox 2113 2593 2174 2658; x_wconf 74' lang='grc' dir='ltr'><strong><em>ἐν</em></strong></span> <span class='ocrx_word' id='word_1_163' title='bbox 2222 2587 2297 2659; x_wconf 71' lang='grc' dir='ltr'><strong>οἵ.</strong></span> 
     </span>
    </p>
   </div>
   <div class='ocr_carea' id='block_1_5' title="bbox 372 2803 2764 4590">
    <p class='ocr_par' dir='ltr' id='par_1_11' title="bbox 471 2803 2504 2996">
     <span class='ocr_line' id='line_1_22' title="bbox 471 2803 2504 2892; baseline -0 -21"><span class='ocrx_word' id='word_1_164' title='bbox 471 2804 731 2871; x_wconf 85' lang='lat' dir='ltr'><strong>Novum</strong></span> <span class='ocrx_word' id='word_1_165' title='bbox 780 2805 1217 2892; x_wconf 83' lang='lat' dir='ltr'><strong>fragmentum</strong></span> <span class='ocrx_word' id='word_1_166' title='bbox 1263 2805 1485 2870; x_wconf 86' lang='lat' dir='ltr'><strong>statim</strong></span> <span class='ocrx_word' id='word_1_167' title='bbox 1530 2806 1820 2890; x_wconf 85' lang='lat' dir='ltr'><strong>sequitur</strong></span> <span class='ocrx_word' id='word_1_168' title='bbox 1864 2805 2033 2890; x_wconf 89' lang='lat' dir='ltr'><strong>apud</strong></span> <span class='ocrx_word' id='word_1_169' title='bbox 2075 2804 2220 2870; x_wconf 77' lang='lat' dir='ltr'><strong>Mk.</strong></span> <span class='ocrx_word' id='word_1_170' title='bbox 2266 2825 2329 2890; x_wconf 92' lang='lat' dir='ltr'><strong>p.</strong></span> <span class='ocrx_word' id='word_1_171' title='bbox 2378 2803 2467 2870; x_wconf 82' lang='lat'><strong>28</strong></span> <span class='ocrx_word' id='word_1_172' title='bbox 2483 2828 2504 2870; x_wconf 74' lang='grc' dir='ltr'>ε</span> 
     </span>
     <span class='ocr_line' id='line_1_23' title="bbox 835 2909 2293 2996; baseline -0.001 -20"><span class='ocrx_word' id='word_1_173' title='bbox 835 2911 1115 2990; x_wconf 73' lang='grc' dir='ltr'><strong><em>ἠγόρασα</em></strong></span> <span class='ocrx_word' id='word_1_174' title='bbox 1164 2920 1330 2986; x_wconf 77' lang='grc' dir='ltr'><strong><em>νῆςιν</em></strong></span> <span class='ocrx_word' id='word_1_175' title='bbox 1376 2911 1570 2990; x_wconf 62' lang='lat' dir='ltr'><strong>xes-p?</strong></span> <span class='ocrx_word' id='word_1_176' title='bbox 1616 2911 1857 2976; x_wconf 77' lang='grc' dir='ltr'><strong><em>ὀπτὸν</em></strong></span> <span class='ocrx_word' id='word_1_177' title='bbox 1906 2912 1971 2977; x_wconf 83' lang='grc' dir='ltr'><strong>οὖ</strong></span> <span class='ocrx_word' id='word_1_178' title='bbox 2019 2909 2293 2996; x_wconf 56' lang='lat' dir='ltr'><strong>abram,</strong></span> 
     </span>
    </p>

    <p class='ocr_par' dir='ltr' id='par_1_12' title="bbox 378 3016 2764 3212">
     <span class='ocr_line' id='line_1_24' title="bbox 380 3016 2764 3105; baseline 0.001 -23"><span class='ocrx_word' id='word_1_179' title='bbox 380 3021 531 3105; x_wconf 89' lang='lat' dir='ltr'><strong>quia</strong></span> <span class='ocrx_word' id='word_1_180' title='bbox 578 3023 795 3082; x_wconf 89' lang='lat' dir='ltr'><strong>autem</strong></span> <span class='ocrx_word' id='word_1_181' title='bbox 842 3020 997 3082; x_wconf 88' lang='lat' dir='ltr'><strong>tosti</strong></span> <span class='ocrx_word' id='word_1_182' title='bbox 1042 3019 1245 3102; x_wconf 81' lang='lat' dir='ltr'><strong>pisces</strong></span> <span class='ocrx_word' id='word_1_183' title='bbox 1292 3037 1416 3082; x_wconf 90' lang='lat' dir='ltr'><strong>non</strong></span> <span class='ocrx_word' id='word_1_184' title='bbox 1462 3023 1751 3102; x_wconf 87' lang='lat' dir='ltr'><strong>prostant</strong></span> <span class='ocrx_word' id='word_1_185' title='bbox 1795 3018 1862 3082; x_wconf 89' lang='lat' dir='ltr'><strong>in</strong></span> <span class='ocrx_word' id='word_1_186' title='bbox 1907 3017 2042 3084; x_wconf 89' lang='lat' dir='ltr'><strong>foro</strong></span> <span class='ocrx_word' id='word_1_187' title='bbox 2087 3016 2342 3085; x_wconf 81' lang='lat' dir='ltr'><strong>venales</strong></span> <span class='ocrx_word' id='word_1_188' title='bbox 2359 3065 2377 3102; x_wconf 91' lang='lat'>‚</span> <span class='ocrx_word' id='word_1_189' title='bbox 2417 3019 2764 3103; x_wconf 84' lang='lat' dir='ltr'><strong>praestabit</strong></span> 
     </span>
     <span class='ocr_line' id='line_1_25' title="bbox 378 3120 1458 3212; baseline -0.002 -23"><span class='ocrx_word' id='word_1_190' title='bbox 378 3123 592 3212; x_wconf 88' lang='lat' dir='ltr'><strong>legere</strong></span> <span class='ocrx_word' id='word_1_191' title='bbox 640 3120 977 3189; x_wconf 70' lang='grc' dir='ltr'><strong><em>ἁπαλόν.</em></strong></span> <span class='ocrx_word' id='word_1_192' title='bbox 1030 3125 1176 3188; x_wconf 84' lang='lat' dir='ltr'><strong>Mox</strong></span> <span class='ocrx_word' id='word_1_193' title='bbox 1223 3143 1286 3208; x_wconf 93' lang='lat' dir='ltr'><strong>p.</strong></span> <span class='ocrx_word' id='word_1_194' title='bbox 1337 3122 1458 3189; x_wconf 87' lang='lat'><strong>31:</strong></span> 
     </span>
    </p>

    <p class='ocr_par' dir='ltr' id='par_1_13' title="bbox 378 3228 2762 3531">
     <span class='ocr_line' id='line_1_26' title="bbox 696 3228 2428 3310; baseline 0.002 -18"><span class='ocrx_word' id='word_1_195' title='bbox 696 3230 756 3293; x_wconf 79' lang='grc' dir='ltr'><strong><em>ἐν</em></strong></span> <span class='ocrx_word' id='word_1_196' title='bbox 801 3239 989 3303; x_wconf 79' lang='grc' dir='ltr'><strong><em>ταῖς</em></strong></span> <span class='ocrx_word' id='word_1_197' title='bbox 1038 3228 1335 3295; x_wconf 80' lang='grc' dir='ltr'><strong><em>πόλεσι</em></strong></span> <span class='ocrx_word' id='word_1_198' title='bbox 1385 3230 1827 3307; x_wconf 71' lang='grc' dir='ltr'><strong><em>πάσαισιν,</em></strong></span> <span class='ocrx_word' id='word_1_199' title='bbox 1878 3231 1939 3297; x_wconf 80' lang='grc' dir='ltr'><strong><em>ἐν</em></strong></span> <span class='ocrx_word' id='word_1_200' title='bbox 1987 3237 2129 3302; x_wconf 77' lang='grc' dir='ltr'><strong><em>ταῖς</em></strong></span> <span class='ocrx_word' id='word_1_201' title='bbox 2176 3231 2428 3310; x_wconf 75' lang='grc' dir='ltr'><strong><em>οἰκίαις,</em></strong></span> 
     </span>
     <span class='ocr_line' id='line_1_27' title="bbox 378 3335 2762 3422; baseline 0 -20"><span class='ocrx_word' id='word_1_202' title='bbox 378 3337 548 3403; x_wconf 89' lang='lat' dir='ltr'><strong>haud</strong></span> <span class='ocrx_word' id='word_1_203' title='bbox 619 3357 847 3422; x_wconf 91' lang='lat' dir='ltr'><strong>parum</strong></span> <span class='ocrx_word' id='word_1_204' title='bbox 916 3339 1318 3404; x_wconf 85' lang='lat' dir='ltr'><strong>numerosius</strong></span> <span class='ocrx_word' id='word_1_205' title='bbox 1389 3339 1539 3403; x_wconf 88' lang='lat' dir='ltr'><strong>erit:</strong></span> <span class='ocrx_word' id='word_1_206' title='bbox 1606 3339 1665 3402; x_wconf 85' lang='grc' dir='ltr'><strong><em>ἐν</em></strong></span> <span class='ocrx_word' id='word_1_207' title='bbox 1729 3345 1965 3401; x_wconf 77' lang='grc' dir='ltr'><strong><em>ταῖσι</em></strong></span> <span class='ocrx_word' id='word_1_208' title='bbox 2027 3336 2331 3410; x_wconf 70' lang='grc' dir='ltr'><strong><em>πάσαις</em></strong></span> <span class='ocrx_word' id='word_1_209' title='bbox 2400 3335 2762 3404; x_wconf 83' lang='grc' dir='ltr'><strong><em>πόλεσιν.</em></strong></span> 
     </span>
     <span class='ocr_line' id='line_1_28' title="bbox 378 3441 1605 3531; baseline 0.002 -23"><span class='ocrx_word' id='word_1_210' title='bbox 378 3444 499 3531; x_wconf 90' lang='lat' dir='ltr'><strong>Pg.</strong></span> <span class='ocrx_word' id='word_1_211' title='bbox 550 3442 639 3509; x_wconf 90' lang='lat'><strong>40</strong></span> <span class='ocrx_word' id='word_1_212' title='bbox 687 3443 856 3529; x_wconf 86' lang='lat' dir='ltr'><strong>quod</strong></span> <span class='ocrx_word' id='word_1_213' title='bbox 903 3443 982 3509; x_wconf 92' lang='lat' dir='ltr'><strong>de</strong></span> <span class='ocrx_word' id='word_1_214' title='bbox 1030 3441 1239 3510; x_wconf 84' lang='lat' dir='ltr'><strong>Niobe</strong></span> <span class='ocrx_word' id='word_1_215' title='bbox 1287 3442 1605 3531; x_wconf 86' lang='lat' dir='ltr'><strong>legimus:</strong></span> 
     </span>
    </p>

    <p class='ocr_par' dir='ltr' id='par_1_14' title="bbox 1777 3549 2424 3616">
     <span class='ocr_line' id='line_1_29' title="bbox 1777 3549 2424 3616; baseline 0.002 -2"><span class='ocrx_word' id='word_1_216' title='bbox 1777 3549 1891 3615; x_wconf 81' lang='grc' dir='ltr'><strong><em>ὑπὸ</em></strong></span> <span class='ocrx_word' id='word_1_217' title='bbox 1937 3551 2001 3616; x_wconf 76' lang='grc' dir='ltr'><strong>δὲ</strong></span> <span class='ocrx_word' id='word_1_218' title='bbox 2049 3555 2167 3614; x_wconf 77' lang='grc' dir='ltr'><strong><em>τῶν</em></strong></span> <span class='ocrx_word' id='word_1_219' title='bbox 2221 3555 2424 3616; x_wconf 73' lang='grc' dir='ltr'><strong><em>κακῶν</em></strong></span> 
     </span>
    </p>

    <p class='ocr_par' dir='ltr' id='par_1_15' title="bbox 689 3653 2422 3735">
     <span class='ocr_line' id='line_1_30' title="bbox 689 3653 2422 3735; baseline 0.001 -16"><span class='ocrx_word' id='word_1_220' title='bbox 689 3663 807 3720; x_wconf 79' lang='grc' dir='ltr'><strong><em>τῶν</em></strong></span> <span class='ocrx_word' id='word_1_221' title='bbox 854 3655 1449 3733; x_wconf 81' lang='grc' dir='ltr'><strong><em>συμπεσόντων</em></strong></span> <span class='ocrx_word' id='word_1_222' title='bbox 1493 3661 1602 3723; x_wconf 79' lang='grc' dir='ltr'><strong>τοῦ</strong></span> <span class='ocrx_word' id='word_1_223' title='bbox 1651 3681 1723 3722; x_wconf 82' lang='grc' dir='ltr'><strong>τε</strong></span> <span class='ocrx_word' id='word_1_224' title='bbox 1768 3655 2130 3735; x_wconf 72' lang='grc' dir='ltr'><strong><em>συμβάντος</em></strong></span> <span class='ocrx_word' id='word_1_225' title='bbox 2177 3653 2422 3729; x_wconf 72' lang='grc' dir='ltr'><strong><em>πάθους</em></strong></span> 
     </span>
    </p>

    <p class='ocr_par' dir='ltr' id='par_1_16' title="bbox 694 3760 2004 3843">
     <span class='ocr_line' id='line_1_31' title="bbox 694 3760 2004 3843; baseline 0.001 -17"><span class='ocrx_word' id='word_1_226' title='bbox 694 3760 859 3826; x_wconf 79' lang='grc' dir='ltr'><strong><em>οὐδὲν</em></strong></span> <span class='ocrx_word' id='word_1_227' title='bbox 907 3769 1187 3836; x_wconf 76' lang='grc' dir='ltr'><strong><em>λαλῆσαι</em></strong></span> <span class='ocrx_word' id='word_1_228' title='bbox 1239 3761 1545 3840; x_wconf 74' lang='grc' dir='ltr'><strong><em>δυναμένη</em></strong></span> <span class='ocrx_word' id='word_1_229' title='bbox 1594 3764 1741 3843; x_wconf 77' lang='grc' dir='ltr'><strong><em>πρὸς</em></strong></span> <span class='ocrx_word' id='word_1_230' title='bbox 1790 3761 2004 3830; x_wconf 79' lang='grc' dir='ltr'><strong><em>οὐδένα</em></strong></span> 
     </span>
    </p>

    <p class='ocr_par' dir='ltr' id='par_1_17' title="bbox 372 3865 2762 4590">
     <span class='ocr_line' id='line_1_32' title="bbox 693 3865 2118 3954; baseline 0 -22"><span class='ocrx_word' id='word_1_231' title='bbox 693 3866 1155 3946; x_wconf 69' lang='grc' dir='ltr'><strong><em>προσηγορεύθη</em></strong></span> <span class='ocrx_word' id='word_1_232' title='bbox 1206 3869 1311 3934; x_wconf 73' lang='grc' dir='ltr'><strong>διὰ</strong></span> <span class='ocrx_word' id='word_1_233' title='bbox 1356 3871 1427 3935; x_wconf 76' lang='grc' dir='ltr'><strong>τὸ</strong></span> <span class='ocrx_word' id='word_1_234' title='bbox 1476 3872 1563 3946; x_wconf 67' lang='grc' dir='ltr'><strong>μὺ</strong></span> <span class='ocrx_word' id='word_1_235' title='bbox 1612 3874 1836 3951; x_wconf 83' lang='grc' dir='ltr'><strong><em>Φωνεῒν</em></strong></span> <span class='ocrx_word' id='word_1_236' title='bbox 1882 3865 2079 3940; x_wconf 87' lang='grc' dir='ltr'><strong><em>λίθος.</em></strong></span> <span class='ocrx_word' id='word_1_237' title='bbox 2099 3918 2118 3954; x_wconf 83' lang='grc'><strong><em>,</em></strong></span> 
     </span>
     <span class='ocr_line' id='line_1_33' title="bbox 376 3972 2762 4066; baseline 0.003 -28"><span class='ocrx_word' id='word_1_238' title='bbox 376 3974 722 4058; x_wconf 85' lang='lat' dir='ltr'><strong>praestabit</strong></span> <span class='ocrx_word' id='word_1_239' title='bbox 790 3972 1344 4050; x_wconf 78' lang='grc' dir='ltr'><strong><em>ἐμπεσόντων,</em></strong></span> <span class='ocrx_word' id='word_1_240' title='bbox 1421 3975 1533 4040; x_wconf 85' lang='lat' dir='ltr'><strong>sed</strong></span> <span class='ocrx_word' id='word_1_241' title='bbox 1600 3975 1930 4040; x_wconf 82' lang='lat' dir='ltr'><strong>minutum</strong></span> <span class='ocrx_word' id='word_1_242' title='bbox 1997 3975 2120 4041; x_wconf 87' lang='lat' dir='ltr'><strong>hoc</strong></span> <span class='ocrx_word' id='word_1_243' title='bbox 2189 3981 2285 4040; x_wconf 87' lang='lat' dir='ltr'><strong>est</strong></span> <span class='ocrx_word' id='word_1_244' title='bbox 2350 3995 2502 4062; x_wconf 87' lang='lat' dir='ltr'><strong>prae</strong></span> <span class='ocrx_word' id='word_1_245' title='bbox 2574 3981 2762 4066; x_wconf 82' lang='lat' dir='ltr'><strong>gravi</strong></span> 
     </span>
     <span class='ocr_line' id='line_1_34' title="bbox 372 4077 2758 4168; baseline 0.002 -23"><span class='ocrx_word' id='word_1_246' title='bbox 372 4077 729 4162; x_wconf 85' lang='lat' dir='ltr'><strong>corruptela</strong></span> <span class='ocrx_word' id='word_1_247' title='bbox 772 4080 839 4142; x_wconf 91' lang='lat' dir='ltr'><strong>in</strong></span> <span class='ocrx_word' id='word_1_248' title='bbox 889 4081 1181 4163; x_wconf 87' lang='lat' dir='ltr'><strong>sequenti</strong></span> <span class='ocrx_word' id='word_1_249' title='bbox 1227 4079 1609 4168; x_wconf 83' lang='lat' dir='ltr'><strong>fragmento.</strong></span> <span class='ocrx_word' id='word_1_250' title='bbox 1690 4080 1984 4166; x_wconf 82' lang='lat' dir='ltr'><strong>Quinque</strong></span> <span class='ocrx_word' id='word_1_251' title='bbox 2032 4079 2334 4147; x_wconf 81' lang='lat' dir='ltr'><strong>versiculi</strong></span> <span class='ocrx_word' id='word_1_252' title='bbox 2380 4089 2566 4167; x_wconf 87' lang='lat' dir='ltr'><strong>sunt,</strong></span> <span class='ocrx_word' id='word_1_253' title='bbox 2605 4103 2758 4168; x_wconf 88' lang='lat' dir='ltr'><strong>quo-</strong></span> 
     </span>
     <span class='ocr_line' id='line_1_35' title="bbox 373 4185 2762 4273; baseline 0.002 -22"><span class='ocrx_word' id='word_1_254' title='bbox 373 4206 518 4251; x_wconf 92' lang='lat' dir='ltr'><strong>rum</strong></span> <span class='ocrx_word' id='word_1_255' title='bbox 570 4185 725 4250; x_wconf 90' lang='lat' dir='ltr'><strong>haec</strong></span> <span class='ocrx_word' id='word_1_256' title='bbox 772 4189 867 4263; x_wconf 84' lang='lat' dir='ltr'><strong>est</strong></span> <span class='ocrx_word' id='word_1_257' title='bbox 906 4187 1255 4250; x_wconf 86' lang='lat' dir='ltr'><strong>sententia:</strong></span> <span class='ocrx_word' id='word_1_258' title='bbox 1329 4185 1399 4250; x_wconf 82' lang='lat' dir='ltr'><strong>Si</strong></span> <span class='ocrx_word' id='word_1_259' title='bbox 1446 4189 1557 4271; x_wconf 90' lang='lat' dir='ltr'><strong>qui</strong></span> <span class='ocrx_word' id='word_1_260' title='bbox 1605 4189 1852 4254; x_wconf 87' lang='lat' dir='ltr'><strong>amicus</strong></span> <span class='ocrx_word' id='word_1_261' title='bbox 1898 4193 1964 4253; x_wconf 92' lang='lat' dir='ltr'><strong>te</strong></span> <span class='ocrx_word' id='word_1_262' title='bbox 2010 4186 2288 4273; x_wconf 85' lang='lat' dir='ltr'><strong>hospitio</strong></span> <span class='ocrx_word' id='word_1_263' title='bbox 2334 4190 2651 4273; x_wconf 85' lang='lat' dir='ltr'><strong>exceperit</strong></span> <span class='ocrx_word' id='word_1_264' title='bbox 2696 4195 2762 4257; x_wconf 89' lang='lat' dir='ltr'><strong>et</strong></span> 
     </span>
     <span class='ocr_line' id='line_1_36' title="bbox 376 4290 2758 4379; baseline 0.003 -23"><span class='ocrx_word' id='word_1_265' title='bbox 376 4311 559 4356; x_wconf 92' lang='lat' dir='ltr'><strong>suam</strong></span> <span class='ocrx_word' id='word_1_266' title='bbox 620 4292 846 4357; x_wconf 91' lang='lat' dir='ltr'><strong>urbem</strong></span> <span class='ocrx_word' id='word_1_267' title='bbox 908 4290 1065 4356; x_wconf 91' lang='lat' dir='ltr'><strong>dum</strong></span> <span class='ocrx_word' id='word_1_268' title='bbox 1138 4296 1415 4356; x_wconf 85' lang='lat' dir='ltr'><strong>ostentat</strong></span> <span class='ocrx_word' id='word_1_269' title='bbox 1470 4292 1731 4360; x_wconf 87' lang='lat' dir='ltr'><strong>laudare</strong></span> <span class='ocrx_word' id='word_1_270' title='bbox 1779 4295 2086 4378; x_wconf 86' lang='lat' dir='ltr'><strong>coeperit,</strong></span> <span class='ocrx_word' id='word_1_271' title='bbox 2135 4299 2208 4357; x_wconf 91' lang='lat' dir='ltr'><strong>tu</strong></span> <span class='ocrx_word' id='word_1_272' title='bbox 2255 4296 2434 4358; x_wconf 86' lang='lat' dir='ltr'><strong>tuam</strong></span> <span class='ocrx_word' id='word_1_273' title='bbox 2481 4297 2758 4379; x_wconf 73' lang='lat' dir='ltr'><strong>patrIam</strong></span> 
     </span>
     <span class='ocr_line' id='line_1_37' title="bbox 375 4395 2758 4486; baseline 0.004 -25"><span class='ocrx_word' id='word_1_274' title='bbox 375 4395 592 4462; x_wconf 83' lang='lat' dir='ltr'><strong>efferre</strong></span> <span class='ocrx_word' id='word_1_275' title='bbox 650 4396 817 4475; x_wconf 89' lang='lat' dir='ltr'><strong>noli;</strong></span> <span class='ocrx_word' id='word_1_276' title='bbox 882 4418 1032 4462; x_wconf 92' lang='lat' dir='ltr'><strong>nam</strong></span> <span class='ocrx_word' id='word_1_277' title='bbox 1099 4397 1389 4463; x_wconf 88' lang='lat' dir='ltr'><strong>oriuntur</strong></span> <span class='ocrx_word' id='word_1_278' title='bbox 1448 4419 1527 4464; x_wconf 81' lang='lat' dir='ltr'><strong>ex</strong></span> <span class='ocrx_word' id='word_1_279' title='bbox 1589 4400 1828 4465; x_wconf 89' lang='lat' dir='ltr'><strong>talibus</strong></span> <span class='ocrx_word' id='word_1_280' title='bbox 1876 4398 2454 4486; x_wconf 87' lang='lat' dir='ltr'><strong>comparationibus</strong></span> <span class='ocrx_word' id='word_1_281' title='bbox 2502 4401 2648 4468; x_wconf 79' lang='lat' dir='ltr'><strong>odia</strong></span> <span class='ocrx_word' id='word_1_282' title='bbox 2691 4409 2758 4470; x_wconf 88' lang='lat' dir='ltr'><strong>et</strong></span> 
     </span>
     <span class='ocr_line' id='line_1_38' title="bbox 372 4502 2755 4590; baseline 0.004 -23"><span class='ocrx_word' id='word_1_283' title='bbox 372 4503 775 4570; x_wconf 86' lang='lat' dir='ltr'><strong>inimicitiae.</strong></span> <span class='ocrx_word' id='word_1_284' title='bbox 847 4502 1193 4570; x_wconf 87' lang='lat' dir='ltr'><strong>Verissime</strong></span> <span class='ocrx_word' id='word_1_285' title='bbox 1239 4503 1307 4569; x_wconf 89' lang='lat' dir='ltr'><strong>id</strong></span> <span class='ocrx_word' id='word_1_286' title='bbox 1358 4503 1602 4570; x_wconf 89' lang='lat' dir='ltr'><strong>dictum</strong></span> <span class='ocrx_word' id='word_1_287' title='bbox 1656 4510 1754 4571; x_wconf 84' lang='lat' dir='ltr'><strong>est</strong></span> <span class='ocrx_word' id='word_1_288' title='bbox 1800 4503 1969 4590; x_wconf 90' lang='lat' dir='ltr'><strong>quod</strong></span> <span class='ocrx_word' id='word_1_289' title='bbox 2015 4502 2489 4572; x_wconf 87' lang='lat' dir='ltr'><strong>Amstelodami</strong></span> <span class='ocrx_word' id='word_1_290' title='bbox 2527 4512 2594 4572; x_wconf 92' lang='lat' dir='ltr'><strong>et</strong></span> <span class='ocrx_word' id='word_1_291' title='bbox 2629 4507 2755 4576; x_wconf 88' lang='lat' dir='ltr'><strong>Ro-</strong></span> 
     </span>
    </p>
   </div>
  </div>
 </body>
</html>
