3369 5142
1448 377 1677 442 Puroj
2620 371 2747 439 331

372 567 759 656 terpolatum
821 569 917 633 est
977 587 1014 632 a
1075 567 1281 633 nescio
1343 583 1466 652 quo
1524 585 1601 630 ex
1646 583 1792 654 pag.
1846 561 1972 633 311
2023 567 2070 632 d
2080 588 2095 634 ε
2148 567 2224 633 ἂν
2279 566 2394 647 μὲν
2439 564 2746 645 ἐξικνῆται

370 675 456 740 τα
520 672 791 754 ἡμέτερα
848 673 1159 754 χρήματα
1220 671 1326 738 καὶ
1386 669 1619 744 τούτοις
1682 672 1982 750 πείθωμεν
2042 673 2252 742 αὐτόν.
2304 671 2747 760 Sophistarum

372 779 865 862 αἰσχροκέρδειαν
913 782 1127 846 omnia
1169 799 1583 846 nummorum
1624 799 1813 844 causa
1847 780 2222 846 facientium
2264 785 2327 846 et
2368 780 2525 846 alibi
2563 798 2747 865 saepe

373 887 737 969 ἕκθεατρίζει
798 893 862 954 et
916 890 985 952 in
1027 886 1212 953 libris
1256 889 1330 950 de
1374 885 1704 970 Republica
1745 906 1891 974 pag.
1945 885 2074 954 337
2123 889 2168 950 d
2205 887 2321 953 ubi
2365 885 2752 974 Thrasyma-

373 997 529 1062 chus
583 999 673 1061 sic
732 995 997 1082 loquens
1059 993 1419 1060 inducitur:
1468 992 1612 1074 πρὸς
1660 993 1747 1073 τῷ
1795 993 2016 1070 μαθεῖν
2063 993 2168 1059 καὶ
2217 993 2510 1060 οὲπότισον
2556 993 2750 1075 οξργύ-

372 1126 528 1184 ριον,
602 1105 707 1168 cui
768 1099 1039 1169 Glauco:
1108 1103 1258 1166 ἀλλ’
1324 1095 1477 1166 ἕνεκ’
1540 1099 1858 1184 ἀργυρίου,
1924 1103 2170 1186 inquit,
2218 1097 2261 1167 ὦ
2309 1100 2748 1181 Θρασύμαχε,

374 1207 548 1288 λέγε.
651 1208 833 1274 Idem
901 1210 1175 1286 crimen,
1248 1207 1358 1273 sed
1430 1204 1653 1272 fictum
1676 1255 1695 1284 ,
1764 1226 1888 1272 non
1957 1210 2174 1274 minus
2242 1208 2453 1274 odiose
2521 1208 2754 1274 iisdem

373 1317 585 1383 verbis
663 1313 909 1382 Socrati
987 1322 1052 1381 et
1120 1313 1458 1381 Socraticis
1530 1314 1753 1380 obiicit
1821 1313 2274 1401 Aristophanes
2345 1317 2416 1380 in
2480 1315 2756 1380 Nubibus

375 1441 469 1492 vs.
517 1419 639 1490 98:

917 1524 1077 1593 οὗτοι
1124 1526 1495 1606 &Memnon
1546 1525 1826 1610 ἀργύριον
1873 1526 1942 1603 ἥν
1990 1552 2082 1602 τις
2131 1527 2295 1612 διδῷ,

919 1633 1191 1713 λέγοντα
1238 1639 1408 1700 νικᾶν
1455 1632 1558 1700 καὶ
1610 1633 1820 1700 δίκαια
1868 1633 2118 1701 κᾶδικα.

467 1848 628 1938 Pag.
687 1846 817 1914 311
881 1848 956 1911 d:
1019 1847 1084 1911 τί
1137 1842 1329 1923 ὄνομα
1385 1843 1544 1912 ἄλλο
1600 1846 1734 1934 [γε]
1783 1845 2114 1926 λεγόμενον
2162 1847 2295 1928 περὶ
2347 1847 2750 1929 Πρωταγόρου

377 1953 679 2033 ἀκούομεν
748 1949 947 2035 ὥσπερ
1020 1951 1152 2032 περὶ
1226 1950 1460 2018 Φειδίου
1531 1955 2055 2032 ἀγαλματοποιὸν
2117 1955 2222 2019 καὶ
2285 1957 2418 2035 περὶ
2484 1957 2753 2035 Ὀμήρου

376 2061 664 2137 woman
732 2059 827 2148 [τί
886 2063 1151 2124 τοιοῦτον
1210 2059 1343 2140 περὶ
1406 2061 1812 2142 Πρωταγόρου
1871 2063 2238 2147 vinctionem]
2305 2062 2602 2128 Primum
2651 2085 2754 2128 ex-

374 2191 589 2258 pung-e
649 2171 1091 2255 importunum
1151 2191 1231 2245 γε
1274 2165 1441 2231 nihil
1487 2165 1850 2254 significans
1869 2217 1886 2252 ,
1935 2173 2159 2234 natum
2205 2169 2467 2235 fortasse
2513 2189 2592 2235 ex
2635 2171 2755 2236 fre·-

374 2279 594 2362 quenti
655 2275 1093 2364 dittographia
1155 2273 1477 2354 γενόμενον
1524 2279 1590 2340 et
1636 2273 1994 2353 λεγόμενον.
2088 2273 2330 2342 Deinde
2377 2274 2516 2342 dele
2561 2276 2756 2344 verba

374 2383 605 2472 frigide
653 2388 719 2449 et
764 2385 899 2450 sine
946 2379 1080 2448 ulla
1125 2383 1367 2448 ratione
1415 2383 1721 2468 repetita:
1769 2383 1833 2448 τί
1870 2385 2131 2447 τοιοῦτον
2172 2383 2306 2463 περὶ
2347 2381 2750 2466 Πρωταγόρου

372 2489 704 2570 οὶκούομεν;

466 2700 781 2771 Continuo
841 2702 1129 2787 sequitur
1186 2721 1333 2790 pag.
1383 2699 1511 2766 311
1564 2724 1623 2765 e:
1678 2700 1938 2784 σοφιςῆν
1985 2701 2056 2777 δή
2096 2725 2184 2767 τοι
2231 2701 2592 2785 ὀνομάζουσί
2637 2726 2752 2787 γε,

374 2806 416 2875 ὦ
482 2807 843 2891 Σώκρατες,
904 2808 1007 2873 τὸν
1062 2774 1257 2887 ἱι”ιὶνδρα
1320 2815 1595 2885 ΕΙΝΛΙ,
1661 2804 1809 2888 ἔφη.
1869 2811 1945 2880 ὥς
1994 2814 2219 2891 σοφιςῇ
2269 2808 2392 2890 ἄρα
2440 2808 2751 2890 ἐρχόμεθα

374 2918 692 2988 τελοῦντες
754 2914 841 2980 τὰ
901 2915 1227 2995 χρήματα.
1296 2913 1507 2979 Verba
1569 2912 1924 2993 ὀνομάζουσι
1988 2918 2090 2980 τὸν
2135 2913 2321 2995 ἄνδρα
2372 2938 2493 2983 non
2539 2918 2752 2983 ferunt

376 3023 666 3090 additum
732 3016 903 3086 εἶναι.
1012 3018 1235 3107 Itaque
1305 3022 1586 3106 suspicor
1654 3020 1992 3088 Platonem
2061 3025 2416 3109 scripsisse:
2493 3061 2574 3073 —
2646 3025 2752 3089 τὸν

376 3128 585 3211 ἄνδρα.
640 3134 874 3206 ΕῙΕΝ,
924 3127 1116 3210 ἔφην,
1164 3128 1241 3200 ὥς
1290 3132 1516 3208 σοφιςῇ
1566 3125 1687 3209 ἄρα
1737 3126 1868 3192 κτὲ.

461 3340 621 3429 Pag.
688 3338 821 3406 312
884 3344 977 3405 b.:
1047 3336 1274 3404 τούτων
1333 3338 1410 3403 σὺ
1475 3334 1704 3411 ἑκάς-ην
1763 3337 1868 3402 οὐκ
1934 3336 2032 3401 ἐπὶ
2097 3336 2289 3421 τέχνῃ
2352 3336 2576 3416 ἔμαθες
2641 3344 2750 3427 [ὦς

371 3449 731 3528 δημιουργὸς
791 3445 1103 3530 ἐσόμενος]
1168 3444 1319 3509 ἀλλ’
1384 3442 1484 3509 ἐπὶ
1549 3442 1833 3528 παιδείᾳ,
1882 3446 2230 3511 rectissime
2274 3445 2489 3513 Naber
2531 3448 2751 3536 insipi-

374 3556 530 3621 dum
591 3553 909 3621 emblema
965 3552 1250 3629 delebat,
1316 3556 1381 3617 et
1439 3551 1662 3617 eodem
1720 3553 1858 3617 iure
1915 3548 2228 3640 Hirschig
2286 3574 2437 3641 pag.
2499 3552 2628 3621 315
2677 3575 2747 3622 a:

374 3662 476 3727 καὶ
542 3660 641 3727 ἐπὶ
706 3660 899 3743 τέχνῃ
960 3657 1255 3739 μανθάνει
1326 3660 1428 3744 [ὥς
1494 3657 1753 3742 σοφιςῆς
1811 3655 2150 3743 ἕσόμενος].
2193 3656 2485 3727 Retinuit
2534 3666 2749 3731 tamen

370 3772 717 3855 utrumque
763 3788 1046 3854 pannum
1091 3766 1333 3833 Editor.

463 3981 623 4069 Pag.
676 3978 829 4047 112.
877 4003 943 4045 c:
992 3978 1247 4059 μέλλεις
1294 3982 1403 4056 τήν
1449 3980 1665 4063 ψυχὴν
1711 3980 1821 4055 τὴν
1868 3982 2096 4046 σαυτοῦ
2143 3992 2541 4064 παΡΑΟχεῖν
2580 3986 2749 4067 θερα-

371 4092 597 4155 πεῦσαι
660 4088 822 4169 ἀνδρὶ
848 4138 865 4165 ,
928 4090 1004 4159 ὥς
1066 4088 1233 4172 φής,
1282 4090 1531 4171 σοφιςῇ.
1578 4086 1966 4155 Mendosum
2013 4094 2108 4155 est
2155 4099 2546 4171 παρασχεῖν,
2595 4114 2748 4159 nam

370 4197 520 4262 boni
568 4198 901 4281 scriptores
951 4200 1062 4261 aut
1102 4192 1317 4273 μέλλω
1358 4194 1657 4276 παρέχειν
1702 4196 1995 4262 dicebant
2035 4201 2148 4263 aut
2184 4195 2398 4276 μέλλω
2441 4200 2748 4281 παρέξειν.

373 4300 838 4391 Corrigendum
904 4306 1000 4369 est
1044 4302 1253 4390 igitur
1298 4301 1553 4379 μέλλεις
1601 4312 1956 4388 παρεχειν,
2005 4303 2171 4389 quod
2216 4324 2288 4370 eo
2335 4302 2588 4371 facilius
2635 4308 2748 4372 sd-

377 4411 597 4475 mittes
662 4411 716 4475 si
765 4412 1137 4475 memineris
1181 4411 1419 4496 passim
1466 4412 1532 4475 in
1572 4409 1756 4477 libris
1804 4410 2102 4477 confundi
2145 4408 2440 4494 παρέχειν
2487 4450 2574 4463 -
2622 4437 2752 4481 πα-

375 4522 637 4598 ρασχεῖν
687 4554 768 4567 —
819 4514 1116 4599 πάσχειν.
