3369 5142
1462 307 1704 358 01013120.
2653 285 2738 354 37
2745 286 2784 352 5

493 477 651 544 Post
700 498 905 562 panea
950 480 987 565 ξ
1034 479 1098 544 5.
1169 464 1263 545 ita
1310 480 1595 546 addidit:
1650 477 1807 566 (ITA)
1859 481 2162 544 adductus
2207 502 2346 543 sum
2396 514 2478 528 --
2529 491 2598 544 ut
2643 501 2796 544 onus

403 583 584 648 huius
631 585 859 650 laboris
909 622 987 636 —
1042 586 1496 675 suscipiendum
1540 599 1849 674 putarem.

496 825 571 891 In
634 828 670 912 ξ
719 826 793 891 6:
857 829 914 892 si
975 841 1087 894 aut
1146 829 1255 894 hoe
1313 853 1355 895 a
1415 852 1509 895 me
1558 827 1754 895 Siculi
1802 852 1925 894 non
1962 831 2260 917 petissent
2307 842 2418 894 aut
2463 829 2620 894 mihi
2663 853 2800 895 cum

408 931 630 998 Siculis
678 957 863 998 causa
911 947 1119 999 tantae
1164 937 1619 1002 necessitudinis
1666 958 1790 1001 non
1837 936 2246 1001 intercederet.

499 1037 834 1124 Expuneto
910 1063 1095 1105 causa
1165 1043 1469 1107 correxit:
1540 1053 1751 1106 tantae
1819 1042 2295 1107 necessitudinns
2365 1063 2488 1107 non
2548 1043 2798 1107 interce-

409 1150 662 1213 derum.

498 1359 571 1425 In
634 1361 671 1446 ᾖ
719 1359 839 1425 11:
911 1363 998 1425 ad
1052 1381 1253 1425 meam
1305 1361 1543 1448 fidem,
1607 1383 1800 1447 quam
1846 1361 2066 1426 habent
2111 1371 2453 1448 speeta'rffl
2503 1359 2692 1446 [iam]
2742 1373 2800 1426 et

408 1469 717 1553 coquitam
736 1514 753 1546 ,
796 1467 1184 1553 confuqiunt.

500 1572 761 1640 Delevit
804 1573 1245 1658 importunum
1296 1575 1425 1638 iam
1442 1621 1461 1658 ‚
1509 1572 1676 1657 quod
1727 1572 1894 1638 unde
1939 1577 2154 1638 ortum
2201 1574 2286 1638 sit
2333 1571 2532 1638 vides,

504 1815 581 1881 In
627 1818 663 1900 ξ
712 1813 835 1880 31:
900 1815 1100 1902 qualis
1162 1817 1281 1880 erit
1324 1827 1433 1880 tua
1478 1816 1603 1879 ista
1649 1817 1988 1893 accusati0‚
2038 1838 2193 1902 quae
2243 1852 2324 1864 —
2381 1815 2702 1880 certissimi
2746 1825 2804 1878 et

414 1924 680 1986 maximi
724 1922 1000 1987 criminis
1048 1944 1171 1986 non
1214 1923 1395 1986 modo
1432 1936 1853 1986 susplolomffl
1879 1967 1896 1998 ‚
1929 1941 2140 1986 verum
2194 1920 2385 1986 etiam
2431 1935 2810 1985 ΜΒΝἮΟΝΒΜ

415 2030 622 2116 ipsam
659 2025 1113 2115 pertimescat?

507 2131 605 2198 Ex
664 2133 805 2219 ipsa
867 2135 960 2200 rei
1016 2137 1245 2200 natura
1293 2133 1698 2221 suspicionem
1745 2135 1810 2197 et
1853 2133 2220 2198 mentionem
2266 2130 2481 2198 locum
2529 2132 2696 2196 inter
2740 2150 2808 2196 ee

417 2243 669 2305 mutare
715 2239 925 2306 iussit.

508 2449 581 2516 In
630 2453 666 2536 ξ
716 2449 837 2516 46:
902 2477 1039 2518 cum
1090 2491 1170 2501 —
1224 2455 1484 2540 coeperit
1530 2473 2003 2518 commemorare
2049 2456 2388 2539 quaestoris
2437 2477 2572 2518 cum
2623 2475 2806 2540 prae-

421 2571 549 2624 tore
586 2561 1078 2625 necessitudinem
1122 2562 1540 2637 constitutam,
1582 2577 1802 2625 morem
1841 2561 2182 2636 maiorum,
2225 2563 2411 2624 sortis
2451 2559 2804 2644 reliqioneu.

509 2664 819 2749 Repoeuit
878 2664 953 2730 de
1017 2663 1323 2730 Gronovii
1376 2666 1739 2731 coniectura
1784 2668 2186 2730 constitutam
2233 2684 2412 2730 mov-13
2459 2667 2806 2741 maiorum,

422 2774 487 2835 et
532 2772 667 2855 ipse
714 2770 1051 2855 reliqioneu
1094 2771 1164 2833 in
1211 2770 1508 2856 reliqionn
1556 2772 1910 2847 convertit,
1957 2776 2032 2834 ut
2082 2770 2118 2855 ξ
2167 2768 2288 2835 65:
2330 2772 2607 2834 accusavi
2649 2790 2806 2847 eum,

421 2878 519 2941 oui
563 2886 849 2963 quaestor
883 2875 1179 2961 fueram,
1227 2879 1474 2962 quicum
1521 2899 1616 2941 me
1660 2899 1796 2942 sors
1844 2878 2324 2963 consuetudoque
2369 2878 2682 2941 maiorum
2723 2913 2804 2923 —

423 2983 841 3049 coniunxerat.

512 3191 587 3257 In
658 3193 694 3277 ἓ
741 3190 865 3258 48:
936 3217 1007 3259 ac
1074 3215 1146 3259 ne
1214 3194 1268 3258 is
1336 3196 1582 3281 quidem
1652 3208 1898 3261 tantum
1964 3198 2281 3261 contendet
2345 3195 2442 3280 [in
2503 3195 2797 3283 dicendo]

422 3312 725 3389 quantum
760 3306 999 3388 potest,
1047 3302 1153 3365 sed
1195 3300 1459 3366 consulet
1506 3302 1681 3366 laudi
1724 3314 1782 3366 et
1827 3304 2272 3367 existimationi
2318 3315 2463 3367 tuae
2509 3315 2567 3367 et
2607 3325 2682 3367 eoe
2721 3326 2810 3381 e0,

422 3408 590 3495 quod
624 3409 754 3494 ipse
790 3419 997 3494 potest
1045 3406 1143 3491 [in
1190 3406 1520 3491 dioend0],
1570 3407 1963 3494 aliquantum
2011 3410 2318 3485 remittet,
2371 3420 2441 3473 ut
2487 3420 2558 3473 tu
2605 3422 2810 3473 tamen

424 3513 665 3599 aliquid
706 3535 828 3577 esse
869 3514 1125 3577 videare.

514 3616 771 3703 Duplex
830 3618 1082 3684 fatuum
1140 3618 1459 3685 emblema
1522 3619 1790 3705 expulit.
1883 3620 1978 3686 Ut
2040 3620 2262 3687 demus
2323 3619 2692 3690 Ciceronem
2741 3622 2809 3689 id

427 3723 628 3791 semel
668 3744 895 3810 ponere
941 3727 1255 3809 potuisse,
1306 3730 1371 3792 at
1419 3726 1593 3792 idem
1642 3730 1710 3792 in
1760 3728 1996 3793 vicinia
2043 3730 2268 3794 iterare
2316 3749 2440 3795 non
2487 3732 2718 3815 potuit.

518 3966 593 4032 In
654 3968 689 4052 ξ
740 3964 857 4032 56:
920 3968 1025 4032 ubi
1085 3968 1191 4033 hoe
1252 3974 1565 4057 quaestori
1630 3968 1964 4059 [Caecilio]
2016 3975 2148 4039 viro
2195 3978 2430 4062 optimo
2473 3987 2533 4040 et
2577 3976 2814 4041 homini

426 4076 793 4163 aequissimo
846 4076 1203 4139 nuntiatum
1248 4088 1354 4141 est.

518 4178 701 4246 Nihil
750 4184 845 4246 est
892 4178 1203 4264 puerilius
1250 4183 1330 4246 iis
1350 4228 1367 4260 ,
1418 4183 1529 4267 qui
1578 4182 1734 4250 talia
1783 4186 2015 4270 passim
2067 4186 2404 4253 inculcant.

523 4410 595 4475 In
655 4410 691 4495 ᾗ
741 4408 860 4475 562.
926 4426 1035 4475 1¹1⁸A
1096 4412 1247 4475 dum
1298 4436 1508 4501 pauca
1554 4416 1867 4503 mancipia
1935 4414 2182 4482 Veneris
2228 4419 2470 4484 nomine
2517 4419 2813 4507 [Agonis]
