3369 5142
1364 336 1782 389 rnucrnmns.
2633 320 2760 387 439

386 514 557 577 tione
606 508 903 576 Graeculi
950 509 1190 575 addunt
1238 512 1467 589 αὐτῆς,
1518 510 1776 576 Veteres
1813 532 1936 577 non
1977 513 2157 577 item.
2199 511 2570 597 praesertim
2612 512 2764 597 quia

386 620 675 705 proxime
723 616 1073 700 praecedit:
1124 616 1229 680 καὶ
1280 618 1569 689 πεσόντος
1621 621 1832 683 αὑτοῦ.

478 830 767 917 Thucyd.
818 830 931 895 IV.
990 812 1089 895 121.
1150 829 1206 895 3.
1260 829 1504 909 ἐγένετο
1553 831 1579 894 ὅ
1632 830 1876 907 θόρυβος
1926 831 2136 910 μέγας
2189 830 2354 917 [καὶ]
2395 834 2760 911 ἀντηλλαγ-

384 939 567 1015 μένου
626 942 733 1002 τοῦ
783 938 1078 1017 ἑκατέρων
1124 935 1347 1017 τρόπου
1395 938 1527 1017 περὶ
1579 936 1698 1009 τὰς
1747 942 1914 1008 ναῦς.
1989 938 2167 1003 Libri
2211 938 2756 1017 ἀπηλλαγμένος,

383 1044 551 1129 quod
598 1045 756 1110 bene
802 1050 1154 1109 correctum
1204 1045 1311 1111 sed
1360 1045 1577 1110 eadem
1625 1063 1814 1129 opera
1859 1044 1966 1107 καί
2012 1051 2398 1130 expunctum
2441 1046 2722 1131 oportuit
2741 1096 2759 1129 ,

383 1152 549 1236 quod
600 1172 769 1215 nunc
814 1152 1043 1217 vitiose
1093 1151 1388 1217 abundat.

471 1364 545 1429 In
614 1364 795 1431 libris
865 1370 961 1431 est
1016 1363 1127 1429 IV.
1198 1364 1297 1427 15.
1359 1362 1553 1439 ἔδοξεν
1618 1367 1827 1436 αὐτοῖς
1881 1404 1961 1413 -
2003 1367 2089 1430 τοὶ
2137 1366 2285 1440 τέλη
2339 1366 2754 1445 καταβάντας

387 1472 445 1543 ἐς
513 1472 579 1535 τὸ
629 1470 995 1551 στρατόπεδον
1042 1471 1361 1548 βουλεύειν
1410 1481 1806 1551 παραχρῆμα
1855 1474 2194 1551 ὁρῶντας
2247 1472 2312 1551 ὅ,
2355 1498 2414 1537 τι
2464 1474 2538 1537 ἂν
2591 1475 2754 1553 δοκῇ.

384 1578 509 1643 Pro
556 1579 826 1643 absurdo
873 1581 1131 1655 ὁρῶντας
1171 1580 1425 1643 restitui
1466 1579 1629 1663 quod
1670 1582 1833 1645 ratio
1875 1579 2156 1664 postulat
2195 1580 2456 1660 δρῶντας
2497 1588 2560 1645 et
2584 1580 2758 1645 mul-

386 1685 467 1748 tis
529 1684 837 1769 exemplis
884 1684 1129 1749 ostendi
1175 1685 1311 1762 ἑροῖν
1362 1692 1427 1748 et
1472 1684 1613 1761 δρῶν
1665 1687 1832 1751 inter
1869 1706 1934 1751 se
1982 1688 2252 1751 misceri.
2342 1686 2516 1751 Hinc
2569 1691 2758 1753 corri-

378 1792 585 1879 genda
630 1798 723 1857 est
769 1791 1181 1857 Herwerdeni
1228 1795 1567 1857 annotatiO.

465 2002 752 2088 Thucyd.
802 2000 915 2065 IV.
973 1998 1075 2065 16.
1127 2000 1185 2065 2.
1238 1998 1299 2079 ὅ,
1352 2027 1411 2067 τι
1462 2004 1513 2067 δ’
1570 2001 1645 2065 ἂν
1697 2005 1927 2068 τούτων
1976 2003 2443 2082 παραβαίνωσιν
2483 2004 2754 2085 ἑκάτεροι

382 2110 513 2197 [καὶ
579 2111 770 2173 ὄτιοῦν
829 2108 995 2193 τότε]
1042 2106 1339 2172 λελύσθαι
1394 2111 1512 2181 τας
1564 2108 1852 2179 σπονδάς.
1925 2110 2064 2176 Non
2110 2117 2371 2195 possunt
2419 2115 2484 2175 in
2532 2113 2752 2178 eadem

376 2220 685 2284 sententia
744 2216 1045 2300 coniungi
1112 2211 1175 2291 δ’,
1236 2239 1293 2277 τι
1348 2220 1410 2281 et
1457 2218 1669 2280 ὁτιοῦν.
1764 2214 1990 2280 Dicam
2043 2218 2207 2281 unde
2257 2217 2522 2283 molesta
2560 2218 2756 2283 verba

375 2325 767 2409 irrepserint:
840 2343 1066 2407 nempe
1130 2342 1207 2385 ex
1271 2342 1405 2406 cap.
1478 2320 1586 2387 23.
1651 2320 1842 2401 εἴρητο
1900 2324 2006 2387 ἐὰν
2056 2322 2188 2385 καὶ
2239 2324 2495 2387 ὁτιοῦν
2547 2348 2752 2402 παρα·

375 2430 541 2513 βαθῇ
614 2420 911 2495 λε’λύσθαι
976 2428 1091 2500 τας
1153 2428 1440 2499 σπονδάς.
1492 2428 1778 2493 Utuntur
1825 2428 2236 2493 Athenienses
2281 2432 2516 2495 acriore
2560 2432 2752 2495 verbo

377 2539 484 2606 sed
548 2538 719 2602 idem
782 2532 1196 2624 significante.
1270 2534 1366 2600 Ex
1414 2535 1631 2602 eodem
1683 2535 1820 2602 loco
1867 2542 2126 2622 apparet
2174 2536 2314 2600 τότε
2363 2558 2496 2602 esse
2544 2536 2749 2603 delen-

376 2647 528 2713 dum
573 2666 725 2710 nam
772 2645 1075 2727 temporis
1120 2641 1498 2729 significatio
1548 2664 1585 2707 a
1631 2642 1758 2708 loci
1797 2645 2108 2708 sententia
2161 2643 2475 2710 abhorret.

465 2858 755 2945 Thucyd.
820 2857 929 2922 IV.
997 2856 1098 2922 16.
1143 2857 1207 2922 2.
1261 2858 1578 2921 ἐσπεῖσθαι
1632 2858 1681 2922 δ’
1735 2857 1934 2928 αὐτὰς
1985 2857 2171 2936 μέχρι
2224 2855 2292 2922 οὗ
2338 2857 2753 2923 ἐπανέλθωσιν

380 2967 483 3054 [οἳ]
550 2968 617 3030 ἐκ
666 2971 780 3029 τῶν
832 2963 1093 3036 Ἀθηνῶν
1144 2963 1639 3038 Λακεδαιμονίων
1691 2964 2002 3042 πρέσβεις.
2097 2963 2408 3031 Delendus
2459 2971 2554 3028 est
2601 2969 2754 3030 arti·

373 3074 587 3140 culus,
636 3093 909 3156 namque
957 3092 1121 3134 nunc
1168 3072 1453 3154 primum
1490 3071 1567 3136 de
1606 3071 1840 3158 legatis
1887 3071 2166 3135 Athenas
2189 3072 2521 3136 mittendis
2548 3093 2754 3136 sermo

374 3189 501 3248 est:
565 3181 616 3244 oi
682 3177 969 3258 πρέσβεις
1036 3178 1269 3242 dicitur
1338 3177 1445 3240 ubi
1494 3177 1569 3241 de
1615 3177 1848 3264 leg-atis
1895 3183 2040 3240 ante
2088 3185 2219 3240 erat
2267 3185 2514 3260 actum,
2566 3185 2640 3242 ut
2687 3181 2752 3241 in

372 3307 501 3374 sqq.
554 3306 589 3372 5
637 3283 697 3348 3.
748 3285 851 3348 καὶ
900 3286 951 3348 οἱ
1002 3283 1289 3362 πρέσβεις
1330 3283 1770 3356 &medanum

465 3495 754 3580 Thucyd.
821 3491 930 3556 IV.
1005 3493 1104 3560 17.
1158 3493 1218 3556 2.
1270 3491 1409 3562 τοὺς
1454 3491 1517 3556 δὲ
1567 3490 1788 3569 λόγους
1841 3493 2298 3578 [μακροτέρους]
2351 3496 2415 3558 ού
2465 3495 2638 3572 παρὰ
2687 3495 2754 3558 τὸ

372 3601 567 3670 εἰωθὸς
626 3603 1007 3674 μηκυνσῦμεν
1068 3600 1218 3661 ἀλλ’
1286 3599 1600 3678 ἐπιχώριον
1649 3599 1709 3662 ὂν
1762 3603 1906 3675 ἡμῖν
1951 3595 2022 3663 οὗ
2065 3601 2178 3674 μὲν
2219 3599 2293 3664 ἂν
2343 3601 2614 3680 βραχεῖς
2657 3603 2760 3680 ἄρ-

372 3713 517 3770 κῶσι
583 3709 671 3781 μὴ
736 3714 984 3778 πολλοῖς
1049 3707 1355 3786 χρῆσθαι.
1407 3705 1645 3768 πλείοσι
1694 3707 1747 3768 δ’
1795 3707 1854 3768 ἐν
1897 3701 1938 3786 ᾧ
1989 3705 2064 3770 ἂν
2114 3709 2314 3784 καιρὸς
2367 3705 2400 3786 ᾗ
2450 3707 2757 3772 διδάσκον-

372 3813 489 3884 τας
555 3837 613 3877 τι
680 3813 795 3878 τῶν
866 3812 1163 3892 προῦργου
1238 3811 1498 3896 [λέγοις]
1548 3811 1617 3873 τὸ
1669 3811 1794 3876 δέον
1841 3810 2152 3890 πράσσειν.
2217 3813 2428 3880 Facile
2475 3817 2754 3898 persuasi

368 3919 793 3986 Herwerdeno
862 3917 1267 3996 μακροτέρους
1341 3922 1663 4002 pet-inepte
1739 3919 2028 3983 additum
2103 3924 2380 4007 expungi
2453 3928 2757 4005 oportere.

366 4025 613 4091 Passim
674 4024 915 4112 legitur
978 4045 1048 4088 eo
1094 4045 1281 4088 sensu
1330 4031 1439 4088 aut
1486 4025 1774 4100 μηκύνειν
1823 4025 2108 4090 absolute
2155 4032 2268 4092 aut
2314 4029 2600 4100 μηκύνειν
2650 4031 2752 4092 τὸν

366 4131 551 4208 λόγον
600 4146 712 4196 aut
756 4129 895 4200 τοὺς
947 4129 1165 4205 λόγους
1216 4141 1328 4194 aut
1378 4132 1543 4217 apud
1593 4131 1898 4218 Tragicos
1947 4131 2234 4205 μηκύνειν
2285 4132 2527 4208 λόγους.
2615 4135 2748 4200 He·-

366 4237 623 4304 rodotus
664 4237 747 4302 II.
807 4239 911 4302 15.
961 4233 1223 4317 ἔρχομαι
1273 4236 1405 4314 περὶ
1460 4238 1786 4314 Αἰγύπτου
1833 4237 2142 4312 μηκυνέων
2188 4239 2292 4302 τὸν
2340 4239 2546 4314 λόγον.
2593 4241 2752 4305 Sub·

370 4343 533 4410 oluit
591 4345 831 4429 aliquid
898 4343 1139 4410 Graeco
1200 4343 1477 4421 homini,
1546 4347 1655 4428 qui
1706 4347 2066 4410 annotavit:
2143 4345 2421 4422 περιττὸν
2469 4346 2538 4408 τὸ
2599 4371 2730 4428 ,μοι

374 4451 718 4531 κροτέρους”
796 4452 958 4530 ἤρκει
1031 4450 1154 4529 γὰρ
1222 4451 1409 4512 εἰπεῖν
1478 4452 1659 4526 »τοὺς
1720 4450 1781 4513 δὲ
1844 4451 2062 4528 λόγους
2109 4453 2172 4516 οὐ
2223 4453 2394 4532 παρὰ
2443 4457 2511 4518 τὸ
2563 4453 2756 4525 εἰωθὸς
