3369 5142
585 274 672 350 26
1560 291 1999 388 mamm}

582 471 844 557 quidem
889 467 1044 534 fides
1089 473 1187 534 est
1224 471 1428 535 veteri
1463 471 1887 556 grammatico
1910 519 1928 547 ,
1968 491 2161 554 quem
2200 471 2347 536 vide
2372 471 2540 556 apud
2564 470 2965 536 Meinekium

581 577 722 644 Vol.
786 575 850 641 II
911 596 972 660 p.
1043 573 1220 640 1240
1238 594 1256 652 3
1306 576 1558 660 proprie
1603 579 1823 640 autem
1865 579 1935 640 in
1982 577 2309 643 comoedia
2356 577 2679 642 ἐπεισόδιον
2730 576 2966 642 dicitur

581 683 651 748 τὸ
718 680 1156 762 ἐπιφερόμενον
1215 681 1300 758 τῷ
1363 679 1635 760 δράματι
1701 681 1973 757 γέλωτος
2020 681 2207 762 χάριν
2252 679 2363 758 ἔξω
2412 691 2522 756 τῆς
2572 680 2964 756 ὑποθέσεως,

582 792 680 854 uti
740 789 982 875 legitur
1038 788 1107 850 in
1167 785 1402 851 Anecd.
1461 785 1584 850 Bk.
1633 807 1698 871 p.
1750 786 1899 851 253.
1953 785 2073 864 19,
2124 787 2201 853 de
2248 807 2371 872 quo
2417 787 2555 853 loco
2600 786 2967 853 Meinekius

583 897 720 982 egit
764 891 904 959 Vol.
953 891 1016 957 II
1062 914 1120 979 p.
1175 889 1330 958 757.
1383 890 1628 957 Neutra
1665 890 2049 978 significatio
2088 893 2215 957 huc
2255 893 2558 977 quadrat,
2596 913 2711 958 nec
2750 897 2967 958 tamen

583 1005 791 1087 potest
853 1019 985 1064 esse
1049 999 1320 1064 dubium
1340 1045 1356 1075 ,
1423 997 1578 1082 quid
1622 995 1922 1064 Cratinus
1966 999 2176 1064 dicere
2224 998 2533 1076 volucrit,
2584 1020 2734 1064 cum
2782 1019 2963 1084 prae-

583 1108 808 1172 sertim
892 1103 1067 1170 aliud
1154 1103 1592 1190 fragmentum
1675 1105 1948 1188 supersit
2016 1125 2093 1168 ex
2162 1105 2381 1170 eadem
2455 1104 2708 1170 fabulae
2789 1109 2967 1190 parte

587 1214 904 1297 petitum:

857 1314 1235 1394 ’Ὑπέρβολον
1283 1314 1334 1377 δ’
1383 1311 1749 1390 ἀποσβέσας
1800 1313 1858 1376 ἐν
1906 1321 2029 1383 τοῖς
2080 1315 2359 1395 λύχνοισι
2410 1314 2675 1395 γράψον.

583 1420 907 1508 Compone
968 1427 1314 1504 utrumque
1373 1418 1628 1485 locum:
1679 1417 2081 1485 collocandus
2132 1419 2543 1507 Hyperbolus
2592 1429 2687 1487 est
2734 1422 2793 1485 ἐν
2841 1429 2966 1492 τοῖς

585 1527 870 1612 λύχνοις,
934 1525 1178 1592 scilicet
1237 1524 1352 1590 ubi
1400 1526 1450 1589 οἱ
1499 1525 1717 1605 λύχνοι
1768 1531 2083 1602 veneunt,
2142 1525 2501 1592 Clisthenes
2548 1535 2765 1593 autem
2791 1576 2805 1603 ,
2856 1529 2969 1612 qui

585 1632 896 1699 ridiculus
957 1637 1052 1697 est
1109 1631 1266 1696 dum
1315 1631 1542 1696 aetatis
1587 1629 1739 1696 flore
1786 1633 2035 1696 tesseris
2079 1632 2280 1716 ludit,
2328 1634 2441 1700 ubi
2486 1634 2571 1698 τοὶ
2619 1633 2963 1710 κυβευτικὰ

585 1739 818 1820 ὄργανα
886 1743 1185 1805 veneunt.
1283 1734 1462 1802 Haec
1523 1734 1839 1820 quomodo
1902 1735 2343 1822 appellantur?
2402 1739 2670 1806 Docebit
2732 1740 2799 1804 id
2856 1759 2969 1805 nos

586 1842 1404 1933 grammaticusinAnecd.
1432 1841 1551 1908 Bk.
1595 1863 1654 1927 p.
1703 1839 1853 1906 300.
1901 1840 1991 1906 24
2030 1847 2095 1908 et
2134 1845 2418 1910 multum
2460 1845 2697 1912 arridet
2736 1845 2963 1911 lectio:

1669 1943 1873 2028 ypoicp’
1922 1949 2109 2014 αὐτόν

892 2057 951 2120 ἐν
996 2053 1466 2136 σκιροέφοις·
1517 2061 1756 2132 γελοῖος
1808 2050 1943 2122 ἔςαι
1994 2051 2367 2129 Κλεισθένης
2416 2056 2693 2134 κυβεύων

904 2164 967 2226 ἐν
1013 2161 1156 2242 τῇδε
1204 2165 1312 2224 τοῦ
1360 2161 1631 2229 κάλλους
1679 2160 1878 2236 dna?-

585 2269 850 2354 Quoque
896 2268 1110 2332 minus
1154 2265 1408 2331 dubites
1427 2315 1446 2338 .
1497 2264 1852 2330 adscribam
1899 2264 2087 2332 Isocr.
2134 2270 2446 2355 Areopag.
2492 2267 2679 2353 §482
2719 2291 2967 2348 τοιγαρ-

588 2379 687 2439 οῦν
759 2375 864 2438 οὐκ
935 2374 996 2437 ἐν
1057 2380 1182 2444 τοῖς
1245 2371 1623 2452 σκιραφείοις
1686 2372 1737 2434 οἱ
1804 2371 2067 2450 νεώτεροι
2133 2372 2468 2453 διέτριβον,
2533 2373 2658 2441 οὐδ’
2725 2375 2787 2437 ἐν
2826 2383 2969 2446 ταῖς

587 2480 979 2561 αὐλητρίσιν,
1023 2477 1146 2544 οὐδ’
1195 2478 1253 2540 ἐν
1292 2483 1416 2550 τοῖς
1456 2477 1745 2548 τοιούτοις
1782 2478 2148 2556 συλλόγοις,
2176 2480 2237 2543 ἐν
2260 2474 2345 2553 οἷς
2375 2485 2475 2546 νῦν
2501 2481 2966 2561 διημερεύουσιν.

679 2692 963 2774 Quatuor
1021 2691 1178 2756 locis
1239 2688 1507 2755 totidem
1571 2693 1903 2775 poetarum
1960 2689 2133 2755 idem
2180 2690 2475 2777 displicet
2520 2697 2585 2757 et
2630 2693 2697 2757 in
2744 2692 2965 2759 eodem

587 2800 805 2866 morbo
847 2802 993 2863 utar
1033 2794 1314 2861 remedio
1357 2793 1594 2859 eodem.
1646 2791 1945 2859 Cratinus
1984 2800 2080 2859 est
2114 2798 2224 2880 qui
2262 2798 2531 2863 scribere
2569 2816 2695 2863 non
2719 2800 2930 2884 potuit
2952 2847 2969 2875 ,

586 2904 756 2991 quod
801 2901 1029 2968 Suidas
1074 2901 1301 2965 habet:
1352 2899 1767 2981 ἀραχνίων
1812 2903 2006 2977 μεθ-ὴν
2052 2898 2220 2981 ἔχεις
2264 2904 2377 2975 τὴν
2421 2902 2691 2984 νας-ἐρα.
2786 2902 2969 2984 Quod

585 3009 943 3076 Meinekius
1003 3005 1238 3071 edidit:
1304 2999 1348 3068 οἷ
1365 3008 1414 3085 ρ’
1478 3008 1518 3069 ἀ
1538 3028 1625 3085 ρα
1643 3028 1697 3084 χ
1717 3030 1743 3068 ν
1764 3006 1840 3070 ίω
1861 3030 1889 3069 ν
1908 3054 1925 3089 ,
1989 3005 2059 3070 id
2116 3008 2347 3073 merito
2411 3009 2632 3075 reiecit
2693 3007 2969 3075 Cobetus

587 3115 668 3181 ad
704 3112 1041 3179 Platonem
1082 3106 1419 3176 Comicum
1455 3130 1514 3195 p.
1563 3108 1687 3193 61,
1729 3112 1911 3177 cuius
1944 3113 2356 3177 notissimum
2380 3112 2817 3201 fragmentum
2844 3121 2961 3181 est:

873 3217 1104 3295 εἵξασιν
1152 3219 1300 3295 ἡμῖν
1345 3217 1396 3282 οἱ
1444 3214 1608 3295 νόμοι
1655 3215 1919 3283 τούτοισι
1969 3225 2123 3283 τοῖσι
2170 3227 2423 3290 λεπτοῖς

859 3324 1332 3405 ἀραχνίοις,
1382 3314 1457 3388 ἂν
1501 3330 1657 3388 τοῖσι
1707 3323 1938 3402 τοίχοις
1990 3326 2023 3399 ἦ
2071 3323 2354 3405 Φάλαγξ
2402 3325 2695 3406 ὑφαίνει..

587 3434 753 3520 quod
801 3451 1106 3517 compone
1152 3451 1302 3496 cum
1348 3428 1804 3495 Anacharsidis
1852 3428 2023 3494 dicto
2071 3429 2236 3516 apud
2285 3430 2709 3497 Plutarchum
2758 3430 2969 3497 Solon.

587 3540 644 3605 5.
697 3538 822 3605 Sed
866 3538 1280 3603 Pherecrates
1328 3555 1577 3620 quoque
1626 3534 1862 3599 dixisse
1907 3540 2195 3620 putatur,
2249 3536 2429 3603 locus
2476 3544 2572 3621 est
2618 3538 2787 3623 apud
2832 3536 2973 3603 Sui·

584 3645 733 3710 dam
779 3646 846 3709 in
893 3663 959 3709 v.
1013 3640 1298 3723 οέροέχνη,

949 3741 1048 3828 ἄρ’
1099 3746 1353 3829 ὦροέχνι’
1399 3744 1595 3827 ὥσπερ
1641 3754 1785 3819 ταῖς
1834 3747 2117 3813 σιπύαισι
2164 3757 2306 3823 ταῖς
2358 3756 2597 3827 κεναῒς;

585 3862 650 3923 et
691 3852 1025 3939 Nicophon
1073 3850 1349 3917 ibidem:

1085 3950 1184 4036 ἄρ’
1235 3956 1532 4035 οξροίχνιόν
1578 3979 1636 4021 τι
1686 3958 1934 4038 (βαίνετ’
1987 3960 2440 4042 ἑμπεφυκέναι.

584 4064 913 4133 Particula
956 4059 1082 4143 ἆρα
1128 4062 1234 4127 hic
1275 4064 1438 4126 mire
1475 4062 1758 4127 abundat
1800 4068 1864 4127 et
1910 4070 2181 4148 quatuor
2218 4064 2375 4131 locis
2412 4070 2635 4150 quater
2674 4085 2971 4151 reponam

587 4172 1056 4238 deminutivam
1136 4167 1408 4232 formam
1481 4168 1854 4248 ἑραχνίδιον.
1950 4166 2119 4235 Cum
2186 4170 2475 4236 Platonis
2542 4174 2765 4256 utique
2836 4171 2972 4237 loco

587 4278 819 4367 dignus
889 4279 984 4340 est
1046 4272 1158 4359 qui
1219 4270 1576 4337 conferatur
1639 4273 1904 4359 Eupolis
1921 4323 1940 4357 ,
2004 4276 2185 4340 cuius
2246 4278 2479 4343 senarii
2544 4277 2779 4345 servati
2826 4282 2975 4343 sunt

587 4406 685 4473 ap.
736 4380 950 4449 Schol.
993 4378 1073 4447 ad
1119 4378 1316 4445 Arist·
1367 4378 1488 4443 Av.
1545 4377 1753 4446 1297:
