3369 5142
626 302 755 369 394
1703 322 1928 371 Puro.

616 494 854 579 pagina
898 492 1192 576 reperias.
1240 492 1339 557 Ex
1383 495 1677 560 omnibus
1722 515 1926 559 unum
1973 493 2234 582 eligam.
2287 493 2562 559 Difficile
2607 495 2744 559 erat
2789 492 2990 558 oculis

620 598 970 663 discernere
1036 602 1256 663 utrum
1320 604 1377 662 ol
1430 620 1509 664 an
1570 603 1615 664 d
1658 605 1823 667 esset
1869 602 2202 686 scriptum.
2295 597 2432 665 Iam
2481 597 2628 665 vide
2675 597 2830 683 quid
2878 600 2988 662 isti

618 704 1108 791 designaverint.
1156 703 1315 791 Pag.
1371 706 1473 773 10.
1514 706 1599 770 10
1649 706 1950 793 (Halmii)
1992 706 2300 771 dederunt
2337 705 2722 781 chami-stodes,
2769 702 2874 769 10.
2903 702 2986 767 13

616 814 848 889 modes,
915 808 1023 875 20.
1084 808 1150 875 8.
1213 812 1479 890 clementi
1533 832 1649 899 pro
1709 814 1976 877 dementi.
2042 810 2150 877 28.
2201 810 2264 876 7.
2321 811 2704 888 msdrodidee,
2757 808 2866 873 32.
2915 808 2981 873 7.

608 919 880 1002 philodee
896 964 913 995 ,
980 915 1089 981 55.
1142 914 1251 983 31.
1309 920 1679 983 mandrodem
1701 970 1719 1004 ,
1769 916 1877 984 62.
1925 917 2035 983 29.
2087 920 2471 993 menedidem,
2519 921 2583 983 et
2627 918 2694 979 in
2740 916 2982 1001 optimo

612 1022 843 1090 Codice
893 1044 1041 1111 pag.
1091 1021 1196 1091 47.
1249 1021 1312 1089 5.
1358 1025 1627 1090 adobuscit
1668 1045 1784 1111 pro
1828 1026 2102 1089 adduxit.
2153 1030 2216 1090 et
2261 1024 2428 1109 quod
2473 1025 2764 1089 omnium
2813 1020 2980 1086 stul-

610 1132 935 1195 tissimum
984 1135 1079 1195 est
1121 1151 1268 1217 pag.
1320 1128 1359 1197 7
1366 1129 1429 1195 3.
1482 1130 1587 1195 29.
1638 1152 1752 1218 pro
1791 1137 1864 1195 ab
1903 1132 2139 1214 reyibue
2177 1138 2234 1195 et
2271 1132 2538 1216 dynastis
2575 1132 2770 1214 stipes
2804 1128 2981 1194 dedit

609 1248 669 1301 ot
735 1238 1041 1321 ahma-vtis.
1129 1236 1319 1321 Apud
1382 1235 1805 1304 Scholiastam
1865 1237 2243 1303 Bobiensem
2306 1237 2386 1302 ad
2439 1236 2809 1301 Ciceronem
2862 1258 2980 1317 pro

612 1345 795 1407 Sestio
840 1362 975 1428 cap.
1025 1340 1128 1407 68.
1181 1344 1490 1428 scriptum
1528 1349 1628 1409 est
1664 1344 1742 1408 de
1780 1342 2172 1409 Hannibale:
2204 1342 2402 1426 primo
2439 1364 2503 1406 ee
2527 1357 2980 1407 Aonmmomm

609 1450 899 1526 contulit,
947 1469 1059 1535 pro
1104 1451 1189 1513 ad
1227 1452 1582 1517 antiochum.
1652 1449 1825 1530 Quid
1867 1450 1968 1515 his
2015 1449 2382 1514 hominibus
2427 1445 2664 1513 facias?
2712 1452 2776 1512 et
2823 1446 2977 1532 quid

611 1556 807 1621 facias
850 1554 1227 1621 lectionibus
1272 1558 1409 1620 tam
1456 1553 1787 1621 absurdis?
1833 1553 2069 1620 Omnes
2115 1556 2308 1619 unius
2355 1556 2768 1619 aestimemus
2823 1555 2980 1617 assis

566 1718 579 1733 ,
614 1681 686 1727 ac
752 1662 1114 1727 desinamus
1173 1659 1511 1745 aliquando
1557 1660 1659 1726 his
1704 1662 1897 1749 nugis
1941 1660 2248 1726 editiones
2289 1664 2534 1725 nostras
2579 1678 2833 1723 onerare
2849 1708 2868 1741 ,
2915 1662 2981 1722 et

610 1788 803 1855 prope
850 1767 1141 1832 dixerim·
1166 1765 1485 1832 maculare
1502 1816 1523 1852 ,
1570 1770 1635 1831 et
1680 1766 1953 1833 cordatis
1995 1766 2336 1833 iuvenibus
2381 1766 2667 1831 taedium
2712 1771 2777 1830 et
2823 1785 2977 1830 nau-

612 1894 784 1941 seam
832 1893 1038 1939 creare
1051 1920 1070 1951 ,
1117 1892 1243 1937 non
1289 1872 1368 1939 ad
1414 1874 1706 1938 criticam
1753 1876 1956 1937 artem
2005 1871 2416 1938 exercendam
2464 1891 2570 1937 eos
2615 1891 2854 1937 acuere.

697 1981 1031 2046 Praeterea
1075 1980 1399 2064 opiniones
1441 1981 2012 2067 grammaticorum
2055 1998 2180 2044 non
2227 1985 2376 2043 sunt
2420 1976 2680 2043 stabiles
2697 2026 2717 2061 ‚
2755 1977 2864 2042 sed
2904 1983 2979 2043 ut

612 2094 707 2155 est
775 2088 1132 2153 humanum
1199 2106 1403 2173 genus
1460 2084 1818 2166 φιλόκαινον
1875 2084 2038 2151 aliae
2099 2085 2340 2149 formae
2399 2083 2542 2150 aliis
2585 2084 2978 2170 temporibus

610 2197 760 2261 sunt
805 2196 873 2258 in
913 2192 1167 2258 honore.
1214 2191 1548 2257 Eximium
1596 2197 1692 2258 est
1736 2192 1815 2258 de
1851 2192 1970 2257 hac
2007 2212 2076 2257 re
2115 2193 2555 2257 testimonium
2592 2190 2976 2271 Quintiliani

612 2302 668 2366 I.
716 2298 797 2365 O.
864 2299 914 2364 Ι.
965 2295 1023 2362 5.
1076 2296 1193 2361 19:
1257 2298 1315 2361 εἰ
1375 2296 1443 2362 Η
1499 2299 1681 2363 litera
1743 2308 1865 2375 est,
1911 2320 2030 2361 non
2073 2306 2255 2374 παίω
2323 2302 2492 2361 cuius
2535 2296 2776 2382 quidem
2817 2298 2975 2361 ratio

612 2411 851 2472 mutata
893 2428 1021 2468 cwm
1066 2403 1419 2486 temporibus
1463 2415 1553 2467 eet
1596 2404 1853 2487 caepim.
1901 2404 2251 2468 Parcis-nime
2295 2424 2364 2466 ea
2407 2408 2628 2467 veteres
2674 2407 2770 2466 uei
2804 2408 2972 2467 etiam

608 2519 675 2578 in
736 2512 1035 2577 vocalibus
1088 2532 1215 2576 cwm
1268 2524 1468 2576 onnos
1512 2524 1819 2586 moosoua
1867 2509 2154 2575 dicebant.
2226 2508 2358 2574 Diu
2423 2511 2631 2573 deinde
2681 2514 2975 2574 servatum

606 2643 682 2685 ne
741 2618 1192 2684 consonantibus
1252 2619 1599 2701 aspirarent
1657 2624 1726 2681 ut
1782 2623 1848 2679 in
1892 2631 2158 2681 GRAGOIS
2219 2622 2277 2679 et
2337 2632 2657 2682 mmmm.
2749 2616 2974 2698 Erupit

612 2727 773 2790 brevi
831 2733 1093 2809 tempore
1131 2722 1354 2786 nimius
1392 2745 1532 2787 mus
1553 2771 1569 2800 ,
1618 2733 1690 2787 ut
1737 2741 2035 2788 cnoronae
2051 2771 2068 2800 ‚
2115 2722 2567 2806 mmmmm,
2607 2739 2979 2805 praemones

606 2834 794 2898 adhuc
850 2831 1197 2916 qmbusdam
1253 2828 1739 2912 inscriptionibus
1781 2836 2053 2894 maneant
2065 2855 2088 2894 .·
2130 2851 2251 2912 qua
2295 2829 2369 2892 de
2411 2850 2478 2892 re
2523 2829 2744 2893 catulli
2785 2829 2980 2893 nobile

610 2939 962 3025 epiqramma
1006 2942 1111 3001 est.

698 3043 791 3108 Ut
832 3042 1055 3108 literae
1101 3039 1169 3106 Η
1215 3040 1463 3107 additae
1509 3045 1621 3106 aut
1666 3042 1936 3106 omissae
1979 3042 2142 3105 ratio
2185 3063 2316 3104 cum
2359 3041 2711 3124 temporibus
2746 3046 2975 3104 mutata

604 3158 692 3216 εει
710 3201 727 3225 ,
802 3151 893 3214 sic
960 3146 1208 3232 saepius
1271 3147 1446 3212 idem
1516 3149 1583 3210 in
1650 3145 1796 3212 aliis
1865 3148 2173 3212 sexcentis
2243 3167 2364 3212 usu
2428 3148 2603 3213 venit
2622 3195 2639 3229 ,
2703 3166 2974 3230 quorum

604 3257 811 3322 forma
869 3273 995 3318 non
1054 3257 1152 3318 est
1196 3252 1444 3317 stabilis
1490 3252 1598 3318 sed
1642 3273 1754 3336 pro
1799 3253 2191 3337 temporibus
2238 3251 2486 3318 diversa
2535 3249 2610 3339 1).
2703 3253 2969 3317 Romani

603 3364 753 3447 quia
798 3363 1021 3444 suopte
1065 3360 1324 3446 ingenio
1363 3364 1541 3423 erant
1577 3361 1777 3444 inepti
1813 3358 2210 3443 antiquitatis
2251 3358 2663 3424 admiratores
2677 3405 2694 3436 ,
2723 3357 2966 3422 factum

602 3473 699 3532 est
743 3474 816 3531 ut
858 3466 1299 3531 lubentissime
1344 3467 1579 3549 priscas
1625 3469 1691 3530 et
1738 3484 1948 3530 caecas
1993 3464 2229 3530 formas
2275 3471 2674 3532 venarentur.
2723 3463 2966 3530 Notum

602 3578 699 3638 est
742 3570 1057 3637 Martialis
1104 3573 1535 3657 epigramma:

1055 3682 1451 3762 attonitumque
1496 3677 1643 3760 ἱερέα
1688 3693 1922 3742 rnnm1
1965 3691 2346 3741 ravanam

1054 3781 1292 3846 Ennius
1338 3789 1393 3846 et
1438 3784 1729 3868 quidquid
1769 3783 2180 3868 Pacuviusque
2222 3789 2481 3848 vomunt.

696 3887 803 3954 Sic
840 3888 1206 3954 iudicabant
1241 3892 1464 3974 poetae
1499 3893 1565 3954 et
1604 3888 1916 3977 quidquid
1953 3893 2088 3955 erat
2109 3888 2446 3955 hominum
2471 3889 2966 3976 elegantiorum:

668 4209 725 4270 1)
760 4207 966 4274 Quintil.
1004 4209 1047 4258 I.
1084 4209 1143 4258 Ο.
1180 4209 1223 4259 1.
1260 4207 1306 4261 7.
1344 4210 1431 4259 11:
1468 4226 1623 4260 venem
1656 4212 1995 4277 orthoyraphia
2025 4227 2204 4278 quoque
2235 4213 2563 4263 maradian·
2593 4213 2742 4263 servit
2775 4213 2968 4277 ideoque

599 4307 733 4356 saepe
764 4295 957 4340 mutata
987 4295 1073 4340 est.
1110 4294 1159 4340 et
1192 4295 1214 4354 §
1240 4291 1327 4340 26:
1366 4295 1521 4344 nostra·
1548 4300 1870 4359 praeceptores
1901 4309 2108 4345 enum(
2140 4309 2429 4360 smmmque
2464 4309 2499 4344 u
2531 4299 2581 4344 et
2601 4309 2632 4344 o
2651 4296 2809 4345 literis
2824 4296 2972 4359 scrip-

595 4378 761 4424 serunt
792 4401 861 4410 —-
890 4389 1016 4423 nunc
1050 4387 1083 4422 σ
1110 4375 1300 4439 gemina
1332 4374 1616 4425 scribuntur.
1654 4379 1704 4428 ct
1738 4381 1759 4440 ς
1796 4377 1885 4430 27;
1923 4378 2053 4427 illud
2081 4393 2206 4426 mmo
2238 4377 2404 4426 meum
2437 4379 2564 4442 quod
2593 4391 2676 4426 cm
2709 4379 2862 4426 tribus
2912 4378 2974 4426 zi-

594 4455 711 4505 ten‘s
742 4459 1012 4506 mtamoe:
1047 4455 1101 4504 im
1130 4471 1222 4520 quo
1254 4469 1425 4506 rums
1457 4470 1604 4510 noma
1636 4461 1709 4510 ad
1733 4460 1949 4524 pio-quem
1980 4475 2094 4510 sm
2125 4475 2286 4509 sonum
2321 4471 2392 4522 qu
2425 4464 2474 4508 et
2510 4473 2561 4508 or
2595 4459 2866 4510 utebantur.
