3369 5142
1449 305 1783 362 mnmme.
2716 293 2797 363 11

495 481 659 570 Pag.
711 478 821 546 ¹73.
893 481 1076 548 εἰδότι
1148 484 1479 566 ἀσφαλῶς.
1571 483 1752 550 Solet
1818 483 2143 570 Eunapiue
2206 489 2424 552 contra
2486 485 2794 552 Veterum

403 609 600 654 666111
669 589 983 671 ἀσφαλῶς
1056 589 1264 656 dicere
1327 611 1440 676 pro
1501 590 1767 672 ἀκριβῶς
1791 639 1807 668 ,
1874 595 1948 654 61
2007 611 2155 678 pag.
2226 590 2287 656 1.
2351 591 2485 673 περὶ
2536 592 2799 659 πάντων

403 696 756 778 ἀσφαλῶς,
805 699 869 761 61
895 693 1064 770 ,aliie
1109 695 1286 762 10616.

495 907 661 994 Pag.
713 905 820 974 74.
881 905 1202 991 praeclare
1249 908 1532 972 restituit
1576 905 2031 992 Wyttenbacb.
2082 905 2296 971 locum
2344 904 2612 973 mirifice
2659 928 2800 993 per-

405 1014 744 1079 turbatum
782 1013 1245 1094 transponendo
1284 1013 1506 1079 verba:
1534 1012 1639 1077 καὶ
1681 1011 1816 1090 περὶ
1841 1014 1953 1085 τὴν
1979 1011 2221 1085 ἡλικίαν
2245 1011 2480 1085 ταύτην
2507 1051 2593 1062 -
2618 1013 2797 1078 ἄλλα

407 1119 512 1184 καὶ
565 1116 1088 1199 ὑπαργυριζούσῃ,
1138 1128 1281 1203 post
1322 1117 1421 1182 ἐπὶ
1465 1117 1533 1181 τὸ
1571 1117 1833 1194 ἕβδομον
1876 1118 1974 1181 ἐπὶ
2017 1127 2142 1190 τοῖς
2184 1119 2552 1197 ὀγδοήκοντα
2578 1119 2796 1198 ἔτεσιν,

405 1228 484 1298 ὥς
535 1225 724 1298 αὐτὸς
777 1224 1031 1302 ἔλεγεν,
1075 1231 1148 1289 61
1182 1224 1258 1289 (16
1299 1225 1664 1290 Proaercsio
1706 1224 1859 1289 haec
1899 1225 2192 1290 (116611161-
2228 1245 2355 1290 non
2380 1225 2457 1290 de
2480 1225 2793 1311 Eunapi0.

404 1331 630 1417 Neque
691 1333 863 1396 enim
928 1330 1186 1416 qualem
1248 1349 1499 1396 comam
1559 1329 2066 1396 adolescentulus
2126 1329 2454 1416 Eunapiue
2500 1331 2799 1398 habuerit

405 1438 761 1523 quidquam
823 1437 904 1502 ad
962 1436 1229 1502 lectores
1293 1435 1639 1521 6111661161,
1711 1455 1917 1521 neque
1978 1437 2233 1503 iuvenis
2284 1435 2433 1503 XVI
2479 1457 2789 1504 annorum

405 1563 597 1611 canos
641 1543 875 1608 babere
916 1540 1095 1608 solet.

499 1751 721 1820 Solent
765 1751 963 1818 multi
1008 1751 1162 1817 dum
1210 1751 1424 1818 valent
1471 1751 1753 1817 medicos
1802 1751 2084 1818 deridere
2133 1756 2198 1818 et
2243 1754 2312 1818 in
2350 1754 2691 1821 comoediis
2732 1759 2799 1822 et

407 1861 590 1924 extra
657 1857 1078 1925 comoediam.
1175 1855 1585 1943 Odiosissime
1655 1858 1734 1923 ab
1796 1857 2085 1944 Eunapio
2145 1860 2450 1925 irridetur
2510 1861 2801 1927 medicus

405 1984 558 2052 pag.
609 1961 716 2030 76.
769 1962 1038 2037 πολλοὺς
1085 1963 1388 2048 ἀνῃρηκὼς
1424 1965 1546 2045 οὐχ
1576 1961 1748 2037 ὅσους
1790 1964 2223 2042 ἐπηγγείλατο
2247 1967 2597 2047 θεραπεύειν
2620 1967 2799 2033 ἀλλὰ

407 2071 516 2136 καὶ
580 2067 678 2143 οὓς
743 2065 868 2136 εἶδε
923 2069 1102 2148 μόνον
1125 2119 1142 2147 ,
1193 2069 1306 2136 66(1
1349 2089 1474 2136 606
1523 2072 1833 2158 cogitavit
1878 2071 2071 2137 homo
2116 2073 2411 2159 ingratus
2458 2079 2525 2139 61
2569 2075 2799 2140 imme-

406 2197 553 2245 mor
599 2198 736 2243 6666
780 2177 934 2242 11616
978 2176 1228 2242 medico
1273 2177 1480 2242 vitam
1528 2197 1598 2242 ac
1644 2176 1921 2242 66161616
1962 2176 2206 2243 debere.
2254 2177 2471 2244 Bonus
2502 2179 2797 2245 medicus

407 2285 702 2369 primum
773 2282 888 2348 ὑπὸ
958 2287 1064 2348 τοῦ
1135 2279 1422 2354 σωθέντος
1496 2281 1862 2369 (Εὖναπίου)
1932 2291 2350 2363 προσεκυνεῖτο
2421 2286 2595 2373 (pag.
2649 2284 2788 2372 77),

410 2389 639 2455 deinde
686 2389 765 2455 ab
813 2388 1036 2456 eodem
1083 2393 1218 2454 tam
1263 2387 1626 2474 petulanter
1668 2388 1947 2456 ludibrio
1994 2389 2252 2456 habitus
2299 2396 2417 2458 est.

501 2603 664 2691 Pag.
731 2600 841 2670 76.
899 2603 928 2667 ὃ
985 2600 1363 2682 Προαιρέσιος
1423 2600 1588 2666 οὔπω
1638 2600 1743 2665 τὸν
1788 2601 2175 2682 συγγραφέα
2225 2602 2643 2689 (Eunapium)
2693 2628 2795 2671 τε·

410 2708 722 2787 θεαμένος.
786 2709 1210 2794 Perspicuum
1257 2711 1355 2774 eet
1395 2707 1460 2773 h.
1484 2706 1532 2774 1.
1580 2705 1943 2786 τεθεαμένος
1992 2708 2158 2773 nihil
2202 2708 2381 2774 aliud
2426 2730 2560 2775 6666
2606 2729 2799 2795 quam

407 2816 664 2896 ἑορακώς
723 2820 789 2880 61
842 2816 934 2880 616
990 2834 1209 2880 016666
1260 2816 1400 2879 6166
1451 2816 1678 2905 6616116
1728 2815 2063 2899 scriptores
2124 2812 2433 2899 Iulianus,
2490 2815 2800 2882 Libaniue

407 2923 766 3007 caeterique
828 2922 1059 2987 vitiose
1120 2918 1488 3004 loquuntur.
1543 2918 1873 3005 Eunapiue
1935 2940 2081 3007 pag.
2146 2919 2253 2986 38.
2306 2920 2383 2986 ἂν
2430 2922 2494 2987 δὲ
2541 2922 2799 3002 ἀποχω-

405 3034 622 3111 ροῦντα
698 3025 1120 3103 θεάσωμαι
1190 3024 1484 3091 &damna
1545 3049 1663 3103 μου
1729 3064 1812 3075 —
1880 3028 1913 3101 ἦ
1976 3026 2235 3107 καρδία,
2305 3027 2373 3093 id
2434 3032 2531 3093 est
2593 3028 2669 3094 ἂν
2736 3028 2802 3093 δὲ

407 3136 859 3216 ἀποχωροῦντα
905 3130 1030 3198 ἴδω.
1083 3137 1148 3197 et
1193 3152 1346 3218 pag.
1399 3131 1505 3195 46.
1554 3134 1660 3197 οὐκ
1711 3129 1777 3207 ἦν
1824 3131 2083 3205 ἀθέατος
2131 3138 2238 3198 τοῦ
2284 3134 2514 3215 ἀνδρός.

496 3240 812 3308 Dicebant
865 3244 1084 3305 contra
1129 3238 1270 3318 ὁρᾶν
1315 3238 1728 3323 Ρτο-θεᾶσθαι
1749 3285 1765 3315 ,
1816 3249 1890 3302 61
1938 3239 2017 3304 ad
2062 3240 2501 3306 Aristodemum
2546 3245 2793 3311 notavi·

406 3370 554 3415 mus
572 3396 590 3427 ‚
638 3348 756 3413 ubi
801 3346 1052 3412 Xerxes
1090 3345 1313 3411 throno
1351 3344 1631 3410 insidens
1667 3344 1775 3429 δρᾷ
1814 3346 1924 3419 τὴν
1962 3348 2022 3409 ἓν
2052 3353 2374 3425 Σαλαμῖνι
2402 3350 2795 3431 ναυμαχίαν.

497 3559 662 3646 Pag.
727 3556 832 3625 77.
896 3555 1336 3643 (Proaeresius)
1402 3556 1472 3622 τὸ
1519 3556 1779 3635 μέγεθος
1833 3554 1901 3631 ἦν
1948 3557 2154 3632 ἡλίκον
2202 3554 2278 3623 ἄν
2325 3581 2418 3633 τις
2466 3560 2531 3625 οὐ
2585 3561 2791 3630 πιςεύ·

405 3688 565 3731 σειεν
611 3666 761 3729 ἀλλ’
811 3662 1078 3728 εἰκάσειε
1123 3661 1340 3739 μόλις·
1391 3662 1753 3737 ἄνες-ηκέναι
1804 3662 1932 3743 γὰρ
1978 3664 2065 3735 εἷς
2114 3660 2217 3728 ἕνα
2257 3663 2363 3730 τὸν
2405 3666 2565 3732 πόδα
2608 3692 2799 3734 κατε·

404 3772 670 3857 Φαίνετο
739 3767 854 3838 ὥςε
923 3768 1210 3841 κολοσσὸς
1279 3768 1470 3834 ἐδόκει
1536 3769 1709 3849 παρὰ
1774 3768 1914 3841 τοὺς
1977 3770 2276 3849 asyle-ove
2338 3772 2623 3852 ὁρώμενος
2671 3782 2794 3841 τῶν

405 3881 543 3946 καθ’
607 3878 824 3943 ἑαυτὸν
898 3875 1236 3955 ἀνθρώπων.
1333 3875 1407 3941 In
1481 3883 1839 3941 eNAToN
1890 3874 2091 3941 inesse
2138 3874 2349 3942 ἔνατον
2393 3879 2563 3945 vidit
2610 3878 2797 3967 wyt-

402 3984 697 4053 tenbach.
765 3988 829 4048 et
897 3985 996 4067 (eo
1041 3981 1387 4067 indicante)
1442 3981 1602 4046 olim
1646 3982 1897 4048 viderat
1944 3980 2353 4051 06666110666
2400 3984 2479 4050 6(1
2526 3984 2789 4055 8116106.

410 4094 611 4157 Tiber.
675 4109 812 4174 cap.
879 4085 985 4153 68.
1049 4086 1276 4152 Graeci
1335 4091 1648 4153 staturam
1716 4090 1991 4173 corporis
2039 4092 2276 4172 πήχεσι
2324 4093 2790 4181 metiebantur,

403 4198 676 4265 Romani
707 4195 984 4279 pedibus.
1031 4192 1310 4281 Magnae
1355 4198 1636 4261 staturae
1686 4194 1979 4261 homines
2022 4196 2089 4263 in
2131 4194 2320 4263 Italia
2356 4220 2559 4263 senum
2570 4202 2791 4282 podwm

403 4310 620 4386 erant,
693 4304 762 4366 in
809 4298 1076 4367 Graecia
1119 4300 1559 4381 τετραπήχεις.
1608 4300 1777 4367 Nero
1826 4300 2019 4386 (apud
2068 4300 2247 4367 Suet.
2293 4322 2428 4387 cap.
2482 4302 2592 4389 19)
2648 4326 2792 4373 con-

405 4412 657 4497 scripsit
713 4430 826 4486 „ec
873 4406 1110 4471 Italicis
1155 4429 1355 4470 senum
1395 4408 1608 4490 pedum
1653 4408 1946 4471 tironibus
1996 4430 2199 4473 novam
2246 4410 2529 4490 leyionem
2546 4460 2564 4497 ‚
2610 4434 2787 4499 quam
