3369 5142
1338 298 1757 349 meorumue.
2601 276 2730 347 449

347 472 510 547 ὄντες
558 474 757 538 οὐκέτι
806 473 1115 553 ἀντεῖχον.
1167 472 1381 537 Multa
1419 473 1485 535 in
1525 472 1626 537 his
1670 472 2075 537 vehementer
2100 472 2176 535 de
2201 470 2417 537 fraude
2443 479 2734 557 suspecta

347 585 513 646 sunt.
610 580 906 644 Primum
966 579 1117 663 quid
1180 581 1443 643 interest
1506 580 1674 641 inter
1718 576 2099 654 βαλλόμενοι
2149 575 2580 657 ἀμφοτέρωθεν
2625 579 2732 654 ἤδη

350 693 414 753 et
482 686 832 765 ἀμφίβολοι
895 686 1001 761 ἤδη
1064 682 1271 753 ὄντεςὶ)
1364 682 1545 747 Nihil
1612 702 1903 767 prorsus,
1969 682 2337 768 planissime
2386 684 2554 748 idem
2605 691 2734 760 est,

350 796 477 858 nisi
539 792 705 877 quod
754 790 1105 871 ἀμφίβολοι
1153 786 1305 853 εἶναι
1355 788 1459 853 vel
1509 790 1836 867 γίγνεσθαι
1891 790 2054 875 (cap.
2105 788 2212 853 32.
2264 788 2325 853 3.
2383 790 2472 873 5.)
2523 776 2740 874 exqui-

348 904 538 964 sitius
584 906 679 964 est
725 918 916 983 quam
966 894 1395 975 ἀμφοτέρωθεν
1440 894 1818 971 βάλλεσθαι.
1869 894 2110 960 Deinde
2151 894 2577 974 περιελθόντων
2623 902 2738 959 τῶν

354 1012 593 1085 Περσῶν
640 1006 841 1068 risum
888 1006 1135 1079 movet,
1184 1020 1458 1084 namque
1504 1020 1578 1065 ea
1625 1000 1818 1065 verba
1863 1003 1954 1065 sic
2001 1000 2308 1067 collocata
2355 1008 2503 1065 sunt
2551 1005 2734 1085 quasi

354 1110 646 1196 Spartani
710 1112 775 1173 in
829 1107 1041 1173 insula
1087 1127 1335 1192 quoque
1384 1126 1421 1170 a
1468 1105 1677 1170 Persis
1725 1108 2149 1172 circumventi
2195 1111 2422 1171 essent.
2517 1106 2738 1192 Itaque

352 1216 640 1283 Stahlius
686 1218 801 1279 τῶν
848 1221 1089 1293 Περσῶν
1137 1211 1331 1278 deleri
1377 1214 1584 1277 iussit.
1636 1211 1804 1292 Quid
1853 1210 2144 1297 prodest?
2191 1212 2361 1277 Nam
2405 1212 2739 1294 περιελθόν-

354 1348 471 1388 των
538 1326 628 1387 sic
688 1320 815 1385 dici
877 1340 999 1383 non
1058 1324 1265 1405 potest
1312 1322 1377 1383 et
1423 1317 1589 1381 nihil
1628 1338 1763 1401 quo
1811 1319 2120 1383 referatur
2163 1318 2374 1383 habet.
2467 1321 2744 1384 Dixisset

354 1429 582 1495 saltem
653 1424 1077 1505 περιελθόντων
1148 1430 1263 1489 τῶν
1328 1424 1662 1501 πολεμίων.
1716 1422 1844 1489 Sed
1889 1426 1957 1488 in
1998 1425 2115 1490 hoc
2161 1445 2410 1509 quoque
2453 1424 2591 1491 loco
2636 1444 2742 1489 ne-

353 1536 603 1621 gotium
674 1532 856 1595 nobis
926 1536 1022 1594 est
1093 1551 1241 1593 cum
1312 1530 1734 1615 nugatoribus
1755 1578 1772 1613 ,
1837 1533 1948 1614 qui
2011 1532 2242 1615 ineptis
2288 1530 2742 1596 additamentis

358 1635 719 1724 simplicem
792 1640 857 1699 et
926 1638 1324 1721 perspicuam
1397 1633 1798 1721 Thucydidis
1868 1638 2213 1701 orationem
2286 1636 2738 1702 deformatunt.

360 1742 766 1830 Thucydides
826 1741 985 1805 haec
1044 1746 1297 1805 tantum
1358 1743 1731 1827 scripserat:
1789 1742 1892 1805 καὶ
1943 1742 1994 1805 οι·
2042 1742 2515 1819 Λακεδαιμόνιοι
2561 1744 2738 1821 βαλ-

360 1848 606 1929 λόμενοί
666 1872 733 1912 τε
796 1847 1229 1927 ἀμφοτέρωθεν
1278 1845 1383 1921 ἤδη
1436 1846 1537 1910 καὶ
1591 1846 1944 1925 γιγνόμενοι
1993 1848 2051 1910 ἐν
2101 1851 2183 1929 τῷ
2233 1850 2401 1928 αὐτῷ
2449 1848 2740 1927 ξυμπτώ-

359 1978 555 2034 ματι,
600 1957 678 2026 ὡς
728 1954 975 2032 σμικρὸν
1023 1951 1289 2033 μεγάλῳ
1336 1954 1609 2027 εἰκάσαι,
1660 1954 1744 2033 τῷ
1787 1954 1847 2018 ἐν
1890 1952 2350 2033 Θερμοπύλαις,
2391 1956 2593 2019 οὐκέτι
2635 1958 2739 2019 ἀν-

359 2070 589 2143 τεῖχον.
654 2059 813 2139 Quis
858 2064 993 2123 erat
1039 2056 1423 2125 Graecorum
1441 2106 1457 2136 ‚
1506 2061 1649 2143 quis
1695 2064 1984 2123 nostrum
2033 2066 2129 2124 est
2147 2106 2165 2137 ,
2213 2064 2316 2125 cui
2365 2063 2450 2125 sit
2494 2081 2742 2125 necesse

362 2187 647 2235 enarrare
713 2164 867 2250 quid
932 2168 1017 2228 sit
1073 2165 1133 2228 ἐν
1195 2168 1279 2245 τῷ
1334 2166 1499 2243 αὐτῷ
1549 2162 1978 2241 ξυμπτώματι
2023 2167 2108 2245 τῷ
2157 2166 2215 2229 ἐν
2269 2164 2740 2245 Θερμοπύλαιςῗ

360 2274 569 2340 Fatua
637 2277 735 2337 est
794 2268 1185 2335 scholiastae
1254 2272 1729 2355 interpretatio:
1795 2272 2006 2338 ἐκεῖνοί
2063 2295 2133 2335 τε
2185 2272 2312 2351 γὰρ
2357 2282 2436 2354 τῇ·
2486 2274 2742 2354 ἀτραπῷ

362 2378 785 2461 περιελθόντων
833 2377 949 2441 τῶν
998 2382 1239 2454 Περσῶν
1284 2375 1699 2458 διεφθάρησαν
1737 2372 1903 2441 οὗτοί
1951 2402 2020 2441 τε
2063 2384 2126 2443 et
2166 2378 2593 2455 περιελθόντων
2627 2384 2743 2443 τῶν

362 2492 603 2564 Περσῶν
662 2490 736 2547 ut
798 2480 965 2566 apud
1027 2479 1471 2567 'Thucydidem
1532 2503 1657 2546 non
1723 2488 1822 2546 est
1867 2482 2232 2566 ferendum,
2288 2487 2381 2549 ita
2425 2485 2494 2547 in
2540 2484 2746 2571 negli-

363 2595 541 2681 genti
604 2587 904 2656 Graeculi
967 2589 1247 2653 oratione
1302 2588 1669 2653 mirandum
1719 2609 1844 2654 non
1892 2595 2008 2654 est.
2049 2587 2442 2654 Scholiastae
2489 2591 2744 2677 Thucy-

363 2701 529 2765 didis
576 2698 821 2782 optime
866 2703 1171 2760 noverant
1216 2692 1608 2759 Herodotum
1631 2743 1647 2768 ,
1698 2716 1888 2780 quem
1937 2715 2121 2780 saepe
2165 2694 2458 2760 laudant:
2515 2717 2591 2760 ex
2631 2695 2745 2761 illo

364 2800 879 2870 annotatiuncula
951 2805 1167 2864 sumta
1214 2806 1309 2866 est
1356 2820 1502 2864 cum
1549 2799 1704 2883 ipsis
1747 2798 2056 2866 Herodoti
2105 2801 2316 2866 verbis
2361 2812 2436 2882 τῇ
2487 2803 2746 2881 ἀτραπῷ

364 2917 428 2976 et
497 2907 807 2988 περιιέναι.
900 2905 1268 2971 Reddamus
1334 2907 1538 2992 igitur
1606 2926 1796 2971 suum
1863 2908 2090 2991 cuique
2155 2913 2219 2971 et
2263 2906 2568 2972 stolidum
2617 2927 2748 2972 em-

364 3015 577 3082 blema
624 3017 691 3077 in
735 3012 1129 3099 Thucydidis
1176 3011 1311 3077 loco
1354 3010 1702 3076 doleamne.

455 3120 530 3184 In
577 3141 712 3206 sqq.
760 3119 962 3184 scribe
1010 3116 1312 3183 σιτόδειαν
1362 3117 1464 3202 (ut
1512 3114 1760 3196 ἄδειαν,
1808 3114 2060 3206 ἔνδειαν)
2111 3140 2223 3204 pro
2270 3120 2591 3186 σιτοδείαν.

459 3329 748 3419 Thucyd.
820 3329 931 3398 IV.
1004 3331 1108 3396 38.
1184 3331 1245 3396 2.
1313 3329 1497 3410 ἔλεγε
1555 3330 1607 3395 δ’
1652 3331 1680 3397 ὅ
1733 3332 2002 3413 Στύφων
2050 3329 2185 3414 [καὶ
2232 3332 2285 3396 οἱ
2331 3333 2474 3408 μετ’
2529 3332 2748 3421 αὐτοῦ]

370 3435 461 3503 ὅτι
519 3439 849 3516 βούλονται
915 3436 1502 3520 διακηρυκεύσασθαι
1559 3441 1702 3519 πρὸς
1749 3439 1888 3509 τοὺς
1938 3439 1998 3502 ἐν
2048 3447 2125 3519 τῇ
2173 3439 2393 3518 ἠπείρῳ
2443 3441 2754 3506 Λακεδαι-

371 3543 628 3622 μονίους.
723 3543 971 3610 Sciolus
1041 3544 1117 3610 de
1186 3564 1301 3609 suo
1371 3545 1615 3609 addidit
1676 3545 1782 3608 καὶ
1832 3541 1882 3610 οἱ
1932 3548 2074 3621 μετ’
2124 3545 2311 3608 αὐτοῦ
2364 3545 2443 3609 ob
2491 3567 2754 3632 sequens

367 3651 725 3730 βούλονται.
774 3650 1068 3738 Styphon
1117 3653 1288 3718 enim
1338 3650 1511 3715 solus
1558 3671 1706 3714 cum
1755 3650 1905 3714 solis
1953 3649 2187 3716 Cleone
2225 3655 2290 3714 et
2329 3650 2756 3720 Demosthene

371 3757 447 3823 de
493 3757 961 3823 conditionibus
1006 3760 1169 3845 egit:
1220 3757 1506 3834 ξυνῆλθον
1566 3758 1625 3828 ἐς
1677 3755 1900 3835 λόγους
1949 3751 1987 3819 ὅ
2025 3781 2096 3821 τε
2143 3755 2349 3822 Κλέων
2398 3758 2502 3823 καὶ
2552 3757 2580 3822 δ
2633 3769 2760 3833 Δη-

371 3861 660 3941 μοσθένης
712 3862 816 3928 καὶ
869 3863 1105 3928 ἐκείνων
1156 3861 1423 3945 Στύφων
1467 3862 1493 3926 ὁ
1546 3860 1847 3944 Φάρακος.

464 4070 755 4161 Thucyd.
827 4073 935 4142 IV.
1012 4072 1117 4138 38.
1186 4073 1243 4138 3.
1305 4075 1408 4138 καὶ
1475 4075 1710 4140 ἐκείνων
1773 4075 1886 4152 μὲν
1947 4077 2040 4161 (id
2089 4085 2184 4142 est
2230 4084 2344 4143 τῶν
2398 4081 2754 4166 manaim)

374 4179 583 4248 οὐδένα
630 4181 947 4260 ἀφέντων,
998 4181 1199 4246 αὐτῶν
1246 4180 1308 4244 δὲ
1362 4181 1506 4265 [τῶν
1545 4181 1900 4268 ’Λθηναίων]
1955 4191 2123 4248 recte
2163 4183 2400 4251 delevit
2435 4187 2759 4274 Krueger)

374 4289 719 4352 καλούντων
770 4285 836 4351 ἐκ
883 4297 991 4362 τῆς
1042 4289 1280 4366 ἠπείρου
1332 4286 1615 4365 κήρυκας.
1691 4285 1880 4352 Latet
1919 4289 2126 4354 adhuc
2173 4292 2240 4353 in
2287 4291 2388 4356 his
2427 4293 2756 4358 mendum.

374 4393 572 4459 Recta
632 4399 829 4459 oratio
896 4395 1047 4458 haec
1108 4408 1235 4458 cst:
1307 4395 1355 4457 οἱ
1411 4394 1715 4466 Ἀθηναῖοι
1765 4395 1977 4456 οὐδένα
2029 4396 2418 4478 ἠφίεσαν,
2469 4401 2642 4464 αὐτοὶ
2696 4397 2758 4464 δὲ
