3369 5142
558 307 689 378 430
1558 330 1939 381 FRAGMENTA

549 524 729 569 renes
792 506 859 567 in
920 505 1189 571 victima
1252 501 1620 583 deficerent,
1670 504 1835 569 alter
1879 503 2118 569 hoedus
2166 500 2543 569 immolatus
2589 504 2707 565 est.
2803 494 2928 562 Sed

555 612 709 698 quid
756 618 851 676 est
896 608 1115 683 καθεὶς
1167 610 1336 675 κάτω
1384 614 1492 684 τὴν
1530 620 1715 693 χεῖρα
1755 618 1866 684 τῆν
1912 614 2108 687 μίαν
2157 605 2458 674 amedu?
2500 604 2734 679 KaSsiq
2763 604 2931 669 κάτω

552 720 663 793 τὴν
732 726 917 799 χεῖρα
990 716 1285 806 intelligo
1348 724 1412 781 et
1474 718 1600 782 fuit
1660 738 1896 803 coquus
1957 737 2082 781 non
2145 719 2360 780 minus
2421 712 2694 779 callidus
2738 731 2930 797 quam

554 826 1044 898 ἀλλαντοπώλης
1108 827 1172 887 in
1238 824 1443 889 simili
1502 825 1761 910 negotio
1811 824 1979 907 apud
2026 822 2522 906 Aristophanem
2571 822 2640 884 iu
2687 818 2934 903 Equiti-

555 932 695 997 bus.
788 930 914 995 Sed
973 930 1287 995 diciturne
1351 933 1384 1004 ἦ
1432 930 1551 1005 μία
1598 933 1738 1009 χείρ
1787 949 1899 1013 pro
1945 932 1978 1004 ἧ
2029 928 2206 1009 ἑτέρα
2255 924 2436 1008 χείρῗ
2487 925 2666 1005 Quod
2715 944 2934 989 omnes

557 1038 930 1115 concedent,
972 1044 1341 1121 corruptum
1381 1044 1476 1100 est
1516 1039 1622 1109 τὴν
1665 1035 1818 1113 μίαν
1859 1035 2077 1100 λαθών.
2126 1036 2370 1101 Locum
2395 1041 2469 1098 ut
2493 1031 2933 1106 emendarem,

556 1143 1003 1231 Phrynichum
1044 1142 1315 1226 contuli,
1365 1145 1475 1227 qui
1521 1147 1613 1207 ita
1658 1142 1882 1207 scribit
1927 1164 1991 1227 p.
2045 1141 2178 1207 300
2223 1141 2410 1207 Lob.:
2460 1140 2672 1204 Ψύα·
2723 1140 2774 1203 ol
2822 1137 2936 1215 μὲν

561 1252 776 1323 ἁπλῶς
843 1250 1305 1330 ἁμαρτάνοντες
1370 1249 1470 1313 διὰ
1534 1255 1641 1313 τοῦ
1706 1258 1793 1311 T·
1855 1250 1906 1313 οἱ
1971 1249 2034 1313 δὲ
2082 1250 2268 1330 διπλῇ
2327 1247 2784 1327 ἁμαρτάνοντες
2836 1244 2937 1308 διὰ

560 1363 667 1421 τοῦ
734 1367 853 1441 01,
924 1352 1039 1421 οἷον
1100 1357 1271 1437 ψοία.
1336 1354 1424 1423 ἔςι
1476 1356 1537 1421 δὲ
1584 1355 1653 1419 τὸ
1701 1355 1889 1433 ὄνομα
1937 1356 2094 1422 πολὺ
2143 1356 2453 1433 κίβδηλον.
2505 1356 2791 1435 νεφρὸν
2843 1349 2938 1416 οὖν

560 1464 736 1542 λέγε.
828 1462 1049 1548 Itaque
1120 1464 1533 1528 dubitabatur
1601 1462 1677 1527 de
1746 1465 2022 1527 nominis
2091 1464 2294 1527 forma
2314 1511 2331 1540 ,
2397 1461 2564 1525 unde
2627 1460 2936 1529 Photius:

560 1571 725 1650 ψόας
790 1570 824 1645 ἢ
884 1571 1067 1649 ψοίας
1116 1572 1149 1646 ἢ
1200 1566 1317 1643 ὅπη
1366 1570 1487 1651 χρὴ
1538 1578 1756 1635 καλεῖν
1804 1572 1950 1649 παρ’
1997 1570 2184 1634 οὐδενὶ
2234 1576 2350 1635 τῶν
2390 1573 2692 1633 Ἀττικῶν
2741 1561 2939 1644 εὖρον·

563 1678 613 1741 οἱ
682 1676 743 1739 δὲ
802 1675 1060 1741 παλαιοὶ
1125 1676 1447 1754 γυμναςα)
1515 1674 1909 1741 ἀλώπεκα
1957 1678 2514 1756 προσαγορεύουσιν.
2614 1673 2937 1753 Quaenam

563 1786 839 1868 corporis
885 1804 1028 1868 pars
1069 1784 1188 1848 hoc
1235 1785 1491 1848 nomine
1536 1783 1967 1870 intelligatur,
2028 1782 2262 1848 Ponux
2321 1782 2584 1848 tradidit
2642 1779 2723 1845 II.
2773 1776 2937 1843 185:

563 1892 615 1957 οἱ
681 1890 731 1954 δ’
796 1888 1036 1955 ἔνδοθεν
1097 1891 1269 1955 κατα
1318 1892 1424 1963 τὴν
1474 1890 1669 1969 ὀσφὺν
1717 1892 1869 1967 μύες
1919 1894 2256 1954 καλοῦνται
2305 1890 2455 1968 ψόαι
2507 1887 2608 1952 καὶ
2659 1894 2940 1966 νευρομῆ-

564 2020 704 2077 τραι
768 1998 872 2062 καὶ
940 1998 1281 2069 ἀλώπεκες.
1350 1996 1669 2078 Κλέαρχος
1735 1995 1798 2058 δὲ
1858 1992 2043 2067 οὕτως
2093 1993 2372 2076 ὀνομάζει
2421 1994 2561 2067 τοὺς
2608 1993 2780 2057 κατὰ
2830 2000 2940 2067 τῆς

564 2101 805 2184 ῥάχεως
866 2108 1013 2181 μῦς.
1106 2102 1332 2186 Itaque
1394 2102 1629 2167 dixeris
1672 2122 1798 2166 non
1845 2122 2098 2185 prorsus
2144 2105 2478 2169 convenire
2524 2105 2690 2167 inter
2727 2100 2942 2164 doctos

564 2211 735 2275 viros
756 2258 772 2285 ,
822 2228 985 2295 quae
1030 2208 1183 2287 ψόαι
1233 2210 1395 2285 sint,
1448 2228 1649 2292 quum
1695 2207 1805 2272 alii
1853 2205 2089 2272 ἔνδοθεν
2138 2214 2440 2293 qua-erant
2461 2258 2478 2291 ‚
2521 2206 2633 2272 alii
2676 2204 2938 2282 ἔξωθεν,

567 2315 679 2380 sed
740 2322 985 2380 constat
1044 2319 1211 2379 certe
1273 2318 1393 2391 μῦς
1456 2314 1651 2379 fuisse
1711 2334 1750 2379 a
1810 2314 2066 2379 renibus
2127 2334 2253 2379 non
2299 2315 2585 2380 multum
2631 2322 2906 2379 remotos
2923 2363 2940 2396 ,

565 2422 719 2487 adeo
779 2427 854 2487 ut
905 2419 1345 2506 Phrynichus,
1394 2423 1584 2485 sicuti
1631 2419 1916 2485 vidimus
1937 2470 1954 2505 ,
2003 2421 2216 2501 νεφρὸν
2267 2421 2582 2508 appellare
2626 2424 2942 2507 potuerit,

565 2549 719 2614 quas
767 2525 880 2593 alii
924 2524 1107 2609 ψόας.
1158 2526 1303 2592 Non
1348 2547 1527 2592 meae
1568 2528 1930 2612 provinciae
1977 2533 2110 2605 est,
2162 2548 2302 2594 eam
2353 2550 2487 2595 rem
2535 2528 2806 2594 ulterius
2851 2530 2946 2592 in-

563 2635 795 2723 dagare
860 2640 959 2719 et,
1030 2637 1086 2699 si
1148 2635 1259 2719 qui
1322 2634 1637 2721 philologi
1699 2641 1946 2718 praeter
2004 2635 2429 2702 humanitatis
2489 2637 2702 2701 studia
2747 2636 2944 2700 etiam

559 2741 827 2807 humani
891 2743 1164 2826 corporis
1228 2748 1616 2806 structuram
1662 2741 2028 2826 explorant,
2079 2764 2182 2808 eos
2231 2741 2539 2830 ablegabo
2585 2742 2664 2808 ad
2710 2741 2946 2805 Lobec-

558 2847 745 2912 kium
764 2899 778 2922 ,
844 2850 955 2932 qui
1014 2868 1091 2912 ex
1149 2845 1572 2932 Hippocrate,
1640 2846 1988 2914 Aristotele
2051 2857 2114 2913 et
2161 2847 2405 2916 Galeno
2451 2849 2688 2914 nubem
2734 2868 2948 2913 exem-

559 2955 812 3040 plorum
875 2953 1115 3020 attulit.
1210 2954 1353 3018 Non
1415 2957 1623 3041 magis
1688 2953 1984 3020 definiam
2033 2964 2178 3020 utra
2226 2976 2372 3020 vera
2418 2959 2695 3021 nominis
2741 2955 2946 3020 forma

561 3064 647 3126 sit
730 3062 865 3141 ψύα
951 3082 1031 3126 an
1112 3063 1277 3139 ψόα,
1349 3061 1456 3126 sed
1526 3062 1658 3140 ψόα
1733 3064 1810 3126 ab
1881 3063 2283 3150 gravioribus
2354 3065 2622 3128 testibus
2691 3063 2948 3129 videtur

561 3168 991 3234 commendari
1010 3219 1025 3242 ,
1097 3169 1349 3232 etiamsi
1412 3169 1809 3253 paenultima
1878 3169 2127 3255 syllaba
2195 3173 2263 3234 in
2331 3173 2510 3254 epica
2569 3174 2742 3256 poesi
2807 3189 2952 3256 pro-

564 3275 848 3340 ducatur.
942 3273 1229 3339 Fortasse
1292 3275 1453 3352 ψόας
1528 3279 1786 3340 nomine
1850 3282 1984 3341 tota
2045 3278 2205 3358 reqio
2265 3278 2494 3340 renalis
2552 3284 2616 3342 et
2662 3278 2948 3341 lumbaris

563 3382 987 3470 intelligitur,
1041 3401 1191 3444 nam
1238 3381 1355 3446 hoc
1402 3401 1633 3446 nomen
1682 3382 1948 3447 medicis
1995 3385 2066 3447 in
2109 3404 2232 3447 usu
2280 3403 2447 3460 esse,
2499 3383 2694 3448 fuisse
2741 3391 2944 3461 certe,

561 3490 621 3554 N
626 3492 927 3554 unnesius
985 3507 1090 3552 me
1157 3487 1391 3551 docuit.
1443 3487 1613 3552 Hinc
1660 3487 1915 3553 Caelius
1961 3488 2342 3554 Aurelianus
2375 3491 2693 3572 peoadioos
2739 3491 2902 3554 dixit
2923 3538 2938 3566 ‚

563 3599 674 3682 qui
720 3595 1010 3661 clunium
1050 3592 1261 3659 dolore
1299 3591 1615 3672 laborant,
1656 3617 1842 3673 nam,
1886 3598 1983 3660 uti
2023 3595 2416 3660 Forcellinus
2457 3598 2582 3673 ait,
2621 3597 2946 3662 musculos

562 3702 850 3767 clunium
922 3701 1041 3764 sub
1108 3703 1324 3784 spinae
1394 3697 1579 3765 finem
1654 3721 1733 3764 ex
1801 3702 2206 3765 interioribus
2269 3709 2458 3786 atque
2521 3703 2938 3769 exterioribus

563 3807 1005 3890 adhaerentes,
1070 3805 1230 3887 ψόας
1298 3813 1703 3872 vocaverunt.
1799 3807 1944 3870 Nisi
2009 3813 2358 3872 metuerem
2379 3856 2394 3886 ‚
2457 3831 2538 3874 ne
2587 3810 2749 3874 mihi
2799 3821 2938 3874 tan-

563 3935 757 4000 quam
816 3911 1078 4001 graculo
1138 3934 1376 3997 pennae
1437 3914 1916 3978 detraherentur
1935 3959 1952 3989 ‚
2000 3912 2103 3978 hic
2153 3915 2478 4000 complura
2525 3916 2750 3981 addere
2797 3936 2938 4002 pos-

560 4044 691 4088 sem
752 4042 827 4086 ex
889 4019 1169 4084 Henrico
1227 4018 1545 4102 Stephano
1568 4067 1583 4094 ,
1646 4019 1756 4083 sed
1803 4023 1960 4083 satis
2008 4035 2102 4085 est
2151 4020 2552 4086 Athenaeum
2604 4021 2900 4087 adhibere
2920 4069 2937 4100 ‚

563 4132 674 4215 qui
712 4127 826 4192 IX.
868 4123 997 4190 399
1046 4123 1285 4190 multos
1330 4124 1497 4190 locos
1535 4125 1788 4203 attulit,
1829 4129 1994 4191 inter
2032 4147 2186 4211 quos
2219 4149 2366 4192 eum
2410 4131 2622 4213 ipsum
2649 4125 2940 4194 Clearchi

560 4237 807 4312 locum,
849 4254 1035 4318 quem
1081 4229 1313 4296 Pollux
1352 4233 1419 4296 in
1461 4233 1672 4296 animo
1719 4232 1969 4300 habuit.
2019 4233 2354 4299 Simaristo
2398 4240 2550 4299 sunt
2595 4235 2820 4316 ὀσφύος
2872 4237 2940 4299 αἱ

562 4344 628 4408 ἐκ
698 4341 987 4418 πλαγίων
1057 4337 1275 4417 σάρκες
1348 4339 1783 4412 ἕπανεςηκυῖαι
1847 4348 1912 4405 et
1971 4342 2117 4406 hinc
2178 4338 2478 4426 Cyclicus
2539 4349 2724 4426 poeta
2769 4347 2938 4408 recte

564 4448 835 4518 scribere
879 4448 1123 4532 potuit:
