3369 5142
604 242 737 318 226
1683 267 1904 319 0101120

604 465 791 506 causa
858 443 1107 508 omittit
1175 439 1229 504 P
1250 441 1307 506 E
1331 439 1424 518 G,
1498 445 1639 525 post
1703 441 1958 504 alterius
2021 439 2334 505 collocant
2394 438 2445 503 F
2469 439 2516 504 S
2533 486 2548 517 ,
2607 444 2749 524 post
2787 439 2991 525 fuisse

606 547 711 614 W.
780 552 1059 633 Apparet
1124 547 1290 613 illud
1352 567 1541 612 causa
1598 549 1722 631 (σὰ)
1793 549 1860 611 in
1921 546 2264 632 archetypo
2325 548 2394 610 in
2451 549 2746 634 margine
2791 545 2986 610 fuisse

612 655 999 740 suppletum.
1070 653 1215 720 Non
1275 654 1445 719 male
1506 652 1608 736 W,
1655 673 1850 737 prave
1897 653 1947 717 F
1973 651 2039 716 S.
2091 652 2262 716 Ante
2305 653 2562 716 alterius
2610 651 2988 736 (walterius)

608 761 916 827 excidisse
962 785 1147 826 causa
1191 760 1516 845 probabile
1563 765 1675 824 est.
1749 759 1836 824 Et
1879 759 1998 824 hoc
2039 758 2176 824 loco
2223 763 2289 822 et
2334 759 2519 822 initio
2571 761 2830 843 capitis,
2875 757 2988 821 ubi

606 865 662 931 P
725 866 919 934 habet
984 866 1104 944 „de
1164 861 1592 950 principium''
1648 862 1850 930 altera
1895 885 2092 929 manu
2144 863 2288 940 „ide
2335 863 2779 949 principium”,
2827 862 2879 926 F
2926 867 2991 927 et

607 972 873 1039 fortasse
936 971 1003 1054 S,
1053 972 1129 1036 de
1176 991 1301 1057 quo
1348 991 1475 1038 non
1521 975 1804 1054 constat,
1855 991 1999 1037 cum
2047 970 2102 1034 E
2127 967 2189 1036 G
2239 991 2484 1054 „neque
2530 967 2986 1054 principium”,

610 1079 951 1149 deteriores
996 1077 1174 1143 codd.
1225 1098 1447 1143 verum
1498 1081 1772 1142 servant.
1821 1075 1990 1142 Raro
2035 1075 2090 1141 E
2113 1073 2178 1142 G
2223 1096 2262 1141 a
2310 1076 2365 1140 P
2409 1076 2728 1142 recedunt.

698 1185 796 1250 Ib.
849 1204 1005 1262 „suo
1059 1183 1367 1250 familiari
1405 1181 1740 1249 absoluto”
1779 1181 1913 1248 scil.
1956 1181 2213 1265 Pollae,
2251 1184 2463 1267 inquit
2501 1180 2799 1247 Orellius.
2851 1179 2988 1246 Imo
3067 1248 3070 1250 ,

604 1288 982 1374 Sempronio
1026 1291 1320 1358 Atratino
1366 1291 1554 1374 patri.
1607 1288 1706 1353 De
1749 1288 2124 1374 Sempronio
2163 1287 2464 1354 Atratino
2502 1290 2742 1354 iterum
2766 1286 2986 1353 eadem

602 1395 681 1460 de
740 1416 809 1460 re
871 1402 1161 1461 accusato
1226 1397 1363 1482 egit
1418 1394 1575 1460 olim
1641 1395 1730 1462 H.
1781 1393 1859 1460 G.
1907 1394 2239 1480 Tydeman
2290 1394 2410 1472 „de
2455 1394 2644 1460 rebus
2690 1393 2988 1459 iudicatis

602 1521 726 1566 non
772 1500 1200 1568 rescindendis
1244 1501 1317 1566 L.
1346 1501 1422 1566 B.
1480 1499 1687 1568 1799”
1733 1523 1796 1587 p.
1847 1501 1997 1584 125,
2039 1503 2148 1585 qui
2185 1503 2510 1565 existimat
2545 1503 2985 1584 exasperatum

606 1605 900 1674 Caelium
966 1613 1183 1672 contra
1228 1607 1406 1694 leges
1456 1609 1679 1694 egisse.
1777 1605 1898 1672 Sed
1947 1605 2119 1671 idem
2166 1606 2408 1672 factum
2456 1611 2665 1691 potest
2711 1605 2984 1669 duarum

604 1712 1079 1782 accusationum
1143 1732 1361 1779 ansam
1424 1713 1722 1796 praebere
1742 1760 1757 1791 ,
1817 1711 2023 1777 veluti
2068 1713 2352 1778 ambitus
2397 1718 2462 1777 et
2505 1709 2948 1776 sodalitiorum
2964 1757 2980 1787 ,

596 1819 974 1902 proditionis
1021 1831 1086 1884 et
1130 1818 1585 1904 perduellionis
1632 1825 1697 1884 et
1733 1819 2090 1884 maiestatis
2125 1821 2414 1884 minutae
2423 1839 2441 1897 ;
2481 1820 2550 1882 in
2591 1837 2717 1882 uno
2755 1814 2984 1882 scelere

598 1924 698 1990 vis
766 1931 829 1990 et
898 1923 1279 1991 veneficium
1342 1945 1527 2012 saepe
1588 1923 1786 1990 simul
1848 1924 2188 1989 commissa
2245 1929 2415 1989 sunt.
2476 1924 2609 1990 Nec
2654 1923 2783 1988 tale
2831 1921 2983 2006 quid

597 2035 695 2096 est
738 2032 876 2097 sine
920 2023 1232 2115 exe'mp10.

691 2135 777 2202 60
828 2137 1096 2214 „Nonne
1142 2138 1349 2221 ipsam
1397 2136 1663 2202 domum
1715 2140 2002 2213 metuet,
2049 2155 2130 2201 ne
2167 2156 2370 2220 quam
2431 2155 2653 2202 vocem
2705 2133 2982 2202 eliciat?”

599 2241 1024 2326 Aliquatenus
1093 2241 1214 2307 hoc
1286 2241 1538 2307 defendi
1606 2246 1891 2327 poterat,
1965 2243 2021 2306 si
2083 2238 2308 2306 Clodia
2365 2240 2846 2328 intellegeretur
2904 2261 2982 2306 ex

600 2347 950 2433 parietibus
996 2347 1348 2420 mendaciis
1395 2351 1529 2413 suis
1571 2368 1865 2415 evocasse
1913 2368 2132 2413 vocem
2153 2394 2169 2424 ,
2217 2347 2328 2414 sed
2366 2337 2750 2414 Garatonius
2787 2369 2980 2433 quem

599 2459 951 2520 antestatur
1015 2453 1319 2526 Halmius
1340 2502 1355 2529 ,
1425 2454 1626 2519 credit
1691 2454 1957 2518 domum
2023 2453 2153 2518 dici
2215 2453 2438 2519 elicere
2491 2477 2568 2519 esc
2609 2477 2672 2519 ce
2717 2473 2976 2531 vocem,

598 2560 765 2646 quod
834 2565 1082 2647 pugnat
1139 2582 1285 2625 cum
1345 2559 1525 2627 verbi
1586 2567 1848 2637 natura;
1917 2580 2066 2625 nam
2127 2560 2330 2626 elicere
2385 2565 2482 2627 est
2527 2559 2980 2657 blandimentis

598 2668 734 2733 sive
782 2666 1329 2733 adhortationibus
1378 2686 1716 2751 provocare
1762 2665 2042 2750 aliquid,
2083 2667 2254 2749 quod
2300 2686 2426 2731 non
2471 2673 2692 2753 sponte
2739 2667 2974 2752 prodit.

599 2771 954 2837 Prudenter
1000 2771 1077 2837 de
1124 2793 1198 2839 ea
1242 2762 1310 2836 re
1354 2772 1667 2837 iudicavit
1714 2774 1844 2837 iam
1890 2770 2161 2836 Kiihner
2206 2771 2284 2837 ad
2333 2770 2519 2837 Tusc.
2579 2772 2658 2838 11.
2702 2774 2811 2852 24,
2859 2772 2976 2838 56:

600 2874 839 2961 ‚,quid?
904 2880 1014 2961 qui
1076 2876 1303 2943 volunt
1364 2878 1719 2943 exclamare
1763 2879 2012 2962 maius,
2057 2898 2216 2942 num
2263 2878 2420 2943 satis
2465 2880 2699 2945 habent
2743 2879 2978 2957 latera,

595 2981 841 3059 fauces,
888 2981 1179 3067 linguam
1226 2984 1581 3062 intendere,
1635 3006 1669 3049 e
1717 2985 1949 3068 quibus
1997 2984 2142 3049 eiici
2195 3004 2412 3049 vocem
2458 2991 2523 3050 et
2567 2986 2750 3051 fundi
2805 2985 2979 3053 vide-

494 3172 501 3179 ·
594 3085 809 3153 mus?”
855 3088 968 3153 ubi
1016 3087 1163 3153 libri
1212 3089 1343 3155 elici
1360 3141 1377 3165 ‚
1432 3090 1692 3157 fortuita
1737 3090 2100 3156 contusione
2117 3137 2136 3167 ,
2185 3111 2345 3174 quae
2401 3112 2480 3156 ex
2525 3112 2761 3179 magna
2801 3093 2980 3157 simi-

594 3194 870 3260 litudine
926 3193 1288 3259 litterarum
1352 3197 1379 3258 i
1438 3200 1503 3260 et
1550 3196 1571 3258 l
1615 3198 1683 3260 in
1729 3196 1967 3261 unciali
2013 3198 2324 3279 scriptura
2372 3195 2560 3262 facile
2605 3197 2979 3283 explicatur.

599 3300 1059 3367 Permutantur
1103 3301 1265 3387 flent
1312 3305 1377 3365 et
1408 3302 1570 3387 fient
1590 3346 1606 3378 ,
1655 3304 1855 3367 ciuent
1902 3306 1966 3365 et
2011 3300 2236 3377 cluent,
2285 3301 2408 3367 allo
2453 3308 2518 3369 et
2563 3304 2716 3381 alio,
2761 3304 2980 3369 adlata

598 3412 663 3471 et
732 3409 984 3483 adiitta,
1054 3410 1264 3471 caudas
1325 3412 1387 3471 et
1446 3408 1652 3473 caulas
1713 3410 1780 3473 in
1842 3406 2048 3471 libris·
2081 3404 2477 3472 Lucretianis
2521 3408 2572 3472 I.
2621 3408 2772 3486 263,
2827 3406 2977 3486 264,

600 3510 750 3589 349,
811 3511 965 3589 449,
1028 3510 1135 3576 VI.
1198 3510 1353 3577 492.
1448 3511 1543 3577 Ut
1587 3514 1657 3577 in
1704 3510 2207 3577 Tusculanarum
2253 3511 2390 3577 loco
2435 3516 2793 3602 iunguntur
2822 3538 2982 3602 pro-

584 3617 858 3703 fundere
928 3622 994 3682 et
1052 3620 1255 3683 eid-cre
1314 3617 1480 3685 infra
1538 3618 1575 3701 ξ
1618 3615 1732 3683 75.
1791 3616 1982 3701 Apud
2033 3614 2407 3682 Lucretium
2454 3617 2566 3683 111.
2617 3618 2733 3685 58:
2790 3640 2980 3699 „nam

598 3743 784 3789 verae
845 3742 1033 3788 voces
1090 3727 1235 3787 tum
1296 3723 1556 3789 demum
1623 3729 1876 3807 pectore
1937 3722 2016 3789 ab
2063 3724 2196 3788 imo
2240 3724 2564 3791 eliciuntur
2607 3732 2672 3791 et
2716 3728 2986 3810 eripitur

599 3847 864 3914 persona
883 3874 899 3904 ,
956 3832 1177 3892 manet
1240 3825 1375 3892 res”
1437 3828 1642 3895 elicere
1706 3828 1988 3913 praefero
2013 3848 2086 3882 =
2113 3832 2560 3916 exprimuntur
2618 3832 2878 3897 tandem
2923 3834 2985 3896 ei

597 3936 833 4013 invit03
901 3952 1105 4017 neque
1170 3935 1389 4019 agitur
1446 3932 1559 4000 illo
1606 3932 1751 4001 loco
1797 3934 1876 4000 de
1926 3935 2386 4002 exclamatione
2430 3936 2827 4023 vehementi,
2875 3938 2984 4005 sed

585 4040 675 4105 de
719 4040 933 4107 verbis
979 4040 1181 4106 animi
1227 4060 1481 4106 sensum
1530 4041 2062 4126 exprimentibus.
2113 4041 2308 4108 Secus
2354 4049 2450 4108 est
2492 4044 2580 4109 ib.
2633 4043 2786 4112 497.

690 4144 796 4211 61.
868 4144 981 4225 „Si
1041 4145 1341 4211 manebat
1402 4152 1581 4213 tanta
1641 4147 1758 4213 illa
1803 4149 2196 4214 consuetudo
2245 4148 2488 4234 [Caeli]
2509 4196 2526 4227 ,
2577 4156 2756 4217 tanta
2801 4152 2986 4217 fami-

597 4252 843 4319 liaritas
909 4254 1091 4335 [cum
1150 4250 1403 4337 Clodia]
1424 4302 1443 4338 ,
1502 4253 1657 4338 quid
1707 4257 2080 4339 suspitionis
2127 4262 2290 4322 esset
2311 4304 2327 4333 ,
2377 4259 2434 4321 si
2477 4258 2646 4342 apud
2692 4256 2983 4325 Caelium

597 4357 893 4429 mulieris
938 4379 1159 4429 servus
1205 4362 1383 4428 visus
1430 4357 1635 4427 esset?
1684 4362 1787 4427 sin
1834 4367 2052 4426 autem
2088 4362 2355 4455 iamiam
2393 4363 2652 4429 suberat
2669 4364 2986 4445 simultas,
