3369 5142
1375 312 1711 366 nummus.
2697 281 2737 360 5

337 490 656 576 prqfeotm
711 496 797 555 eet
853 490 939 552 ad
980 490 1194 554 bellum
1240 487 1571 552 Persicum.
1665 486 1841 573 Lege
1885 485 2293 563 συνηπείγετο
2313 534 2330 569 ,
2379 483 2545 569 quod
2592 504 2735 550 ver-

350 595 509 662 bum
553 598 622 660 in
673 595 791 663 tali
837 616 906 660 re
950 595 1280 681 Eunapius
1325 612 1630 678 usurpare
1677 591 1872 668 solet,
1923 596 1997 656 ut
2040 594 2109 655 in
2148 591 2377 678 fragm.
2427 590 2739 654 Historia-

349 725 482 766 rwm
543 700 652 766 32.
714 700 815 768 ἐπὶ
880 700 982 765 τὸν
1043 699 1324 780 βασιλέα
1391 696 1731 765 Οὐάλεντα
1792 699 1895 762 διὰ
1962 699 2235 777 Φρυγίας
2305 695 2736 772 συνηπείγετο.

351 813 418 874 et
461 811 529 874 in
589 805 648 873 V
641 813 708 872 it.
757 806 1009 891 Sophist.
1057 827 1202 894 pag.
1256 801 1364 870 27.
1414 805 1558 884 πρὸς
1609 805 1720 879 τὴν
1768 804 2087 883 κρείττονα
2136 803 2263 868 ὁδὸν
2306 801 2735 880 συνηπείγετο.

351 918 417 980 et
460 933 612 1001 pag.
662 911 772 978 42.
821 913 850 977 ὃ
895 913 1022 994 γὰρ
1069 911 1256 990 λόγος
1285 949 1370 961 -
1399 911 1498 976 ἐπὶ
1536 909 1676 982 τοὺς
1722 910 1997 988 α’γαθοὺς
2039 909 2243 993 φέρειν
2270 908 2733 986 συνεπείγεται.

442 1136 604 1226 Pag.
670 1137 775 1204 58.
836 1140 914 1212 ὦς
964 1136 1026 1201 δὲ
1077 1137 1161 1202 τὰ
1212 1135 1578 1220 πράγματα
1624 1174 1708 1186 -
1760 1137 1845 1210 εἷς
1892 1137 1963 1201 τὸ
2007 1135 2252 1214 ἀφανὲς
2300 1158 2407 1202 και
2459 1133 2738 1215 ἄμορφον

351 1243 704 1326 κατερράγη
756 1245 860 1311 καὶ
910 1242 1318 1320 διωλίσθησεν.
1369 1243 1467 1309 Ab
1513 1243 1887 1309 huiusmodi
1932 1263 1999 1308 re
2045 1242 2327 1309 alienum
2364 1247 2460 1307 est
2497 1265 2733 1323 καταρ-

351 1357 618 1433 ραγῆναι
638 1400 655 1431 ,
708 1352 818 1419 sed
865 1351 1052 1416 unice
1099 1351 1396 1417 convenit
1443 1351 1761 1430 κατερρύη.

443 1561 604 1649 Pag.
656 1559 762 1627 60.
815 1559 1188 1648 (Sallustius)
1239 1559 1344 1624 καὶ
1395 1559 1495 1624 ἐπὶ
1536 1565 1648 1632 τῆς
1690 1561 2017 1624 Ἰουλιανοῦ
2051 1557 2389 1636 βασιλείας
2415 1559 2733 1636 κοσμήσας

353 1666 464 1742 τὴν
533 1668 754 1733 ἑαυτοῦ
825 1665 1048 1746 τύχην.
1143 1666 1297 1755 Leg.
1367 1666 1622 1747 ψυχήν,
1689 1671 1763 1730 ut
1822 1668 1891 1730 in
1951 1667 2219 1731 vicinia:
2286 1663 2506 1742 ἔμελεν
2566 1667 2735 1746 αὐτῷ

352 1774 689 1853 μοσχεύειν
751 1773 856 1838 κα)
921 1773 1200 1854 ῥωννύναι
1258 1773 1628 1853 τὴν-ψυχὴν
1675 1773 1780 1836 ὑπ’
1828 1771 2252 1849 ἀναγνώσεως.
2346 1774 2498 1845 Quis
2537 1773 2739 1838 nescit

353 1879 524 1960 τύχη
587 1887 650 1946 et
698 1881 882 1961 ψυχή
929 1880 1278 1944 sexcenties
1321 1879 1391 1942 in
1436 1877 1618 1942 libris
1661 1879 1831 1943 inter
1876 1898 1943 1942 se
1988 1874 2382 1963 permutari?
2427 1876 2739 1943 Additum

356 1989 466 2052 καί
503 1988 572 2052 in
613 1987 718 2052 καὶ
760 1985 861 2050 ἐπὶ
901 1991 1012 2059 τῆς
1049 1987 1378 2050 Ἰουλιανοῦ
1402 1984 1740 2064 βασιλείας
1764 1987 1981 2071 arguit
2006 1984 2079 2048 de
2102 1984 2295 2048 eadem
2321 2005 2387 2048 re
2408 1983 2562 2049 haec
2587 1984 2734 2049 dici.

448 2196 608 2282 Peg.
674 2193 783 2260 61.
848 2191 1109 2261 ἅπαντα
1172 2193 1665 2276 συμπεφύραται
1729 2217 1833 2258 και
1882 2192 2413 2273 ἀνατεταρακται.
2508 2193 2743 2259 Omnia

354 2303 596 2367 miscere
619 2305 716 2367 est
737 2303 1102 2385 συμφύρειν,
1127 2321 1252 2366 non
1277 2304 1631 2382 συμφυραν,
1657 2303 1874 2385 itaque
1897 2297 2339 2380 συμπέφυρται
2365 2299 2734 2427 legendum.

357 2406 702 2474 Tralaticia
749 2407 902 2472 haec
950 2405 1233 2472 confusio
1279 2411 1377 2472 est
1418 2408 1588 2472 inter
1630 2405 1844 2488 φύρειν
1891 2411 1956 2470 et
2000 2408 2224 2487 φυρᾶν.

442 2617 604 2705 Pag.
673 2615 783 2681 61.
850 2618 998 2682 θεῖον
1051 2616 1121 2693 δὴ
1171 2618 1239 2683 τὸ
1287 2618 1454 2695 μετὰ
1505 2621 1721 2682 ταῦτα
1766 2616 1891 2686 ἔςιν
1938 2619 2168 2683 εἰπεῖν·
2224 2620 2289 2683 ού
2342 2618 2468 2700 γὰρ
2516 2617 2594 2685 ἄν
2644 2643 2739 2691 τις

358 2721 544 2796 οὕτως
617 2722 686 2789 τὸ
759 2721 1116 2803 παράλογον
1187 2724 1270 2795 εἷς
1342 2722 1535 2789 ἄλλον
1575 2725 1745 2803 ,τινα
1816 2723 2112 2804 ἀναφέροι
2178 2722 2421 2799 δικαίως
2488 2726 2521 2801 ἢ
2590 2723 2736 2790 θεόν.

353 2828 539 2894 Nihil
599 2827 920 2915 significat
981 2826 1164 2903 οὕτως
1215 2851 1288 2896 eo
1335 2829 1474 2896 loco
1520 2832 1838 2916 positum,
1887 2829 1998 2895 sed
2046 2830 2621 2917 transponendum:
2667 2832 2737 2895 τὸ

355 2932 504 3001 οὕτω
555 2934 936 3015 παράλογον.

447 3158 526 3225 In
589 3180 724 3245 sqq.
785 3162 976 3225 Asiae
1021 3158 1360 3225 Prooomul
1410 3162 1724 3227 Clearchus
1771 3162 1911 3233 τοὺς
1960 3161 2303 3242 ςρατιώτας
2358 3161 2486 3249 (qui
2532 3164 2737 3228 Mami-

355 3288 510 3328 mum
554 3266 984 3351 meodiebant)
1035 3264 1258 3345 μείζονι
1306 3265 1426 3349 βία
1471 3270 1704 3346 φυγεῖν
1743 3264 2251 3344 Ἀπηνῶγκασεν.
2302 3266 2738 3345 Scribe'Evrn-

357 3370 696 3448 νάγκασεν.
793 3370 976 3438 Nihil
1037 3372 1156 3438 hoo
1215 3392 1420 3437 errore
1481 3374 1548 3437 in
1617 3371 1800 3437 libris
1864 3372 2255 3457 frequentius
2305 3394 2439 3440 esse
2485 3374 2737 3442 docebit

356 3476 641 3543 Dindorf.
694 3478 773 3543 ad
819 3474 913 3544 St.
961 3476 1082 3543 Th.
1132 3498 1193 3544 v.
1245 3476 1744 3559 ’Λπαναγκαζω.

447 3582 788 3649 Caeterum
857 3584 1186 3669 Eunapius
1255 3582 1333 3648 de
1405 3603 1582 3648 more
1651 3584 1940 3661 μελαίνει
2003 3586 2112 3660 τὴν
2172 3586 2401 3667 φράσιν
2462 3594 2539 3652 ut
2585 3588 2739 3673 quid

359 3690 530 3756 dicat
587 3710 714 3756 non
773 3692 928 3756 satis
987 3687 1409 3776 intelligatur.
1475 3687 1751 3756 Mirifice
1799 3692 1970 3755 enim
2016 3688 2209 3757 Asiae
2254 3690 2601 3758 Proconsul
2648 3692 2740 3758 di-

357 3798 526 3861 citur
570 3794 812 3860 milites
857 3817 996 3858 suos
1039 3799 1270 3876 φυγεῖν
1318 3794 1769 3872 ἐπαναγκάσαι
1823 3794 2015 3880 idque
2061 3795 2288 3877 μείζονι
2335 3796 2491 3879 βία,
2542 3804 2607 3863 et
2647 3802 2737 3865 sio

356 3900 724 3967 Maximum
764 3899 1038 3966 vinculis
1075 3899 1392 3965 liberasse.
1437 3900 1735 3979 Poterat,
1780 3907 1854 3966 ut
1892 3904 2143 3986 opinor,
2174 3901 2521 3967 Proconsul
2547 3905 2737 3969 verbo

357 4006 426 4072 id
470 4008 815 4092 imperare,
863 4026 1065 4091 neque
1111 4004 1246 4071 ulla
1290 4012 1352 4069 vi
1397 4027 1553 4091 opus
1601 4012 1737 4071 erat
1784 4026 1985 4091 neque
2012 4008 2187 4090 fuya
2232 4008 2540 4073 militum.

451 4110 767 4178 Similiter
825 4116 962 4178 atra
1024 4112 1298 4199 caligine
1359 4118 1667 4199 teguntur
1728 4132 1889 4197 quae
1951 4112 2172 4177 scribit
2217 4112 2545 4201 Eunapius
2590 4137 2738 4205 pag.

363 4216 468 4283 59.
533 4218 610 4283 de
671 4216 963 4282 Maximo
1023 4216 1274 4282 ultimis
1341 4220 1728 4283 cruciatibus
1792 4218 2037 4283 affecto:
2110 4212 2225 4283 ὅσα
2286 4222 2403 4296 μὲν
2457 4221 2742 4303 ἔπασχεν

363 4322 506 4403 ὑπὲρ
577 4322 794 4388 πᾶσαν
859 4322 948 4391 ἕςι
1010 4324 1360 4401 τραγῳδίαν
1424 4360 1544 4397 -,
1614 4324 1807 4403 μικροὶ
1874 4326 1998 4403 γαρ
2052 4326 2084 4398 ἦ
2135 4332 2375 4405 Περσῶν
2423 4328 2732 4404 λεγομένη

365 4428 712 4515 σκαφευσις
775 4464 858 4476 -
919 4430 1060 4513 πρὸς
1125 4430 1242 4501 τὰς
1307 4430 1755 4515 ἐπιφερομένας
1822 4430 2036 4505 ὀδύνας
2100 4433 2184 4511 τῷ
2248 4432 2524 4511 σώματι,
2585 4456 2744 4519 quae

2578 4654 2625 4663 -ο,
2638 4648 2751 4665 e—-fl
