3369 5142
551 292 640 363 28
1543 317 1951 372 suemus.

549 486 812 554 Frustra
867 510 933 555 se
997 495 1250 578 torquet
1311 492 1679 560 Meinekius
1740 501 1816 560 ut
1873 515 1952 560 ex
2006 494 2206 559 tribus
2250 495 2579 562 versiculis
2622 497 2691 559 in
2738 510 2939 558 unum

549 592 798 660 collatis
844 595 1243 663 tolerabilem
1288 621 1546 665 sensum
1594 600 1826 666 eliciat.
1884 599 2107 684 „Quod
2158 600 2429 666 autem”.
2480 602 2695 687 inquit
2714 645 2733 674 ,
2794 601 2941 676 „in-

550 701 741 784 eptiis
781 700 1089 786 populum
1130 703 1430 771 delectari
1469 705 1661 784 dicit,
1707 727 1897 790 quem
1937 707 2247 791 proximis
2269 707 2481 773 verbis
2508 729 2545 774 a
2568 705 2940 794 sagacitatis

548 809 908 891 mentisque
969 811 1264 876 acumine
1327 811 1680 896 praedicat,
1730 812 1798 875 id
1846 810 2009 876 nihil
2057 810 2411 876 offensionis
2455 811 2683 889 habet3
2735 809 2942 875 solent

550 913 723 976 enim
807 918 1030 998 poetae
1111 918 1277 981 risus
1358 917 1652 1001 captandi
1722 938 1911 982 causa
1980 915 2413 983 diversissima
2482 913 2937 1003 coniungere.”

549 1014 727 1081 Idem
767 1027 982 1084 tamen
1021 1019 1298 1108 ingenue
1337 1021 1550 1105 addit,
1595 1021 1919 1087 difficilius
1958 1021 2296 1106 explicari,
2340 1043 2452 1087 cur
2474 1028 2616 1095 ταῖς
2644 1019 2935 1097 ἐπίβδαις

548 1121 860 1207 populum
931 1131 1118 1209 poeta
1187 1127 1464 1213 gaudere
1525 1129 1745 1192 iubeat
1804 1149 1917 1192 nec
1978 1129 2190 1214 magis
2254 1127 2571 1213 intellig-i,
2622 1125 2937 1212 quomodo

547 1226 810 1312 plausus
854 1231 921 1294 in
967 1231 1214 1297 theatro
1261 1232 1568 1318 populum
1617 1234 1802 1299 beare
1849 1233 2116 1298 dicatur.
2212 1231 2473 1298 Scilicet
2534 1253 2661 1298 non
2730 1231 2936 1296 obser-

549 1333 764 1408 vavit,
808 1336 906 1399 uti
944 1336 1123 1402 vides
1144 1386 1159 1412 ,
1200 1343 1320 1400 tria
1357 1338 1717 1425 fragmenta
1756 1358 1924 1421 esse,
1965 1357 2123 1420 quae
2161 1358 2286 1402 non
2330 1339 2538 1425 magis
2564 1337 2938 1403 cohaereant

550 1459 746 1522 quam
791 1439 906 1505 illa
957 1444 1079 1507 tria
1124 1445 1462 1528 superiora.
1557 1443 1731 1508 Hinc
1779 1441 1850 1507 fit
1898 1449 1973 1506 ut
2022 1442 2335 1526 quaedam
2381 1464 2507 1508 non
2547 1445 2704 1509 satis
2741 1444 2934 1507 inter-

548 1547 786 1629 pretari
833 1567 1141 1632 queamus
1187 1550 1255 1612 in
1301 1569 1410 1614 sex
1456 1551 1787 1615 sententiis
1824 1548 2050 1614 laceris
2093 1552 2159 1614 et
2196 1547 2455 1616 avulsis.
2508 1547 2679 1614 Illud
2719 1553 2935 1614 tamen

551 1657 811 1734 apparet
893 1653 1060 1737 quod
1129 1656 1326 1719 etiam
1398 1660 1604 1721 metro
1673 1655 1969 1741 arguitur
1984 1701 2001 1733 ‚
2075 1656 2367 1722 vocativo
2438 1673 2587 1720 casu
2658 1654 2933 1720 scriben-

553 1753 708 1820 dum
757 1777 925 1822 esse:

917 1863 1251 1943 Εὐδαίμον’
1299 1863 1502 1932 ἔτικτέ
1549 1889 1655 1942 σε,
1703 1872 1991 1945 μῆτερ,
2041 1865 2239 1946 ἰκρίων
2284 1865 2611 1948 ψόφησις.,

553 1987 940 2054 quamquam
1011 1991 1090 2036 ne
1156 1973 1248 2036 sic
1316 1971 1576 2058 quidem
1646 1973 1803 2036 bene
1872 1970 2335 2058 intelligimus,
2411 1971 2561 2057 quid
2630 1967 2931 2038 Cratinus

552 2073 724 2140 dicat
740 2095 756 2153 ;
806 2096 1143 2160 possumus
1188 2077 1536 2162 periclitari
1583 2079 2045 2163 conjecturam,
2100 2077 2210 2142 sed
2256 2079 2571 2143 micamus
2628 2080 2697 2143 in
2758 2082 2931 2144 tene-

551 2179 700 2245 bris.
793 2179 924 2247 Hic
970 2203 1094 2248 non
1140 2205 1245 2250 me
1291 2190 1472 2249 teneo
1521 2185 1675 2267 quin
1722 2181 2133 2247 simillimum
2176 2184 2413 2249 vitium
2449 2203 2719 2271 arguam
2761 2183 2931 2269 apud

551 2284 936 2373 Dionysium
1005 2287 1615 2355 Halicarnasensem.
1710 2285 1785 2351 In
1853 2287 2147 2373 Epistula
2214 2287 2295 2353 ad
2365 2286 2475 2354 Cn.
2545 2289 2929 2373 Pompeium

549 2410 683 2476 cap.
736 2390 775 2456 5
825 2393 983 2458 dicit
1046 2396 1123 2461 de
1184 2415 1476 2480 perverso
1536 2392 1802 2459 Philisti
1864 2414 2092 2480 genere
2111 2441 2127 2470 ,
2211 2396 2392 2458 cuius
2452 2393 2678 2476 φράσις
2738 2395 2931 2470 ὁμοει-

551 2495 652 2571 δὴς
703 2502 886 2563 πᾶσα
935 2499 1130 2576 δεινῶς
1181 2502 1285 2566 καὶ
1336 2497 1781 2582 άσχημάτιςός
1831 2498 1941 2566 ἕςι.
2037 2497 2209 2563 Hinc
2268 2501 2587 2574 πολλαὶς
2636 2499 2785 2580 εὕροι
2833 2523 2926 2574 τις

548 2601 624 2666 ἂν
685 2604 984 2685 περιόδους
1049 2608 1257 2684 ὁμοίως
1327 2605 1555 2689 ἐφεξῆς
1621 2607 1724 2670 ὑπ’
1774 2608 1965 2670 αὐτοῦ
2013 2604 2593 2685 σχηματιζομένας.
2686 2606 2929 2673 Deinde

549 2710 805 2776 affertur
865 2713 1234 2798 exemplum
1281 2734 1359 2779 ex
1403 2715 1590 2778 initio
1635 2711 1893 2777 secundi
1939 2708 2089 2775 libri
2138 2710 2215 2775 de
2260 2708 2517 2777 Sicilia:
2569 2712 2927 2793 Συρακόσιοι

549 2816 613 2881 δὲ
665 2818 1146 2897 παραλαβόντες
1194 2825 1515 2898 Μεγαρεῖς
1554 2818 1658 2882 καὶ
1702 2817 2032 2895 Ἐνναίους,
2078 2826 2483 2897 Καμαριναῖοι
2529 2818 2590 2883 δὲ
2630 2822 2925 2892 Σικελοὺς

549 2922 652 2987 καὶ
700 2923 841 2995 τοὺς
891 2922 1119 2997 ἄλλους
1167 2925 1547 3004 συμμάχους
1597 2922 1762 2997 πλὴν
1812 2920 2061 3005 Γελῴων
2108 2921 2497 3002 άθροίσαντες
2553 2924 2802 3010 (Γελῷοι
2862 2925 2926 2989 δὲ

549 3029 938 3109 Συρακοσίοις
999 3034 1104 3096 οὐκ
1163 3030 1413 3111 ἔφασαν
1481 3028 1915 3113 πολεμήσειν),
1966 3028 2323 3109 Συρακόσιοι
2370 3029 2431 3093 δὲ
2480 3026 2923 3107 πυνθανόμενοι

548 3136 1002 3214 Καμαριναίους
1074 3137 1214 3209 τοὺς
1285 3135 1562 3215 ’Τρμινὸν
1630 3133 1979 3212 διαβάντας
2060 3183 2073 3198 .
2105 3183 2117 3197 .
2150 3183 2163 3197 .
2198 3183 2213 3198 .
2276 3136 2701 3212 Ἀσύγκλωςα
2771 3136 2924 3202 haec

546 3247 697 3308 sunt
743 3262 902 3327 quae
944 3262 1133 3308 nemo
1179 3243 1542 3329 intelligere
1587 3246 1829 3325 potest,
1878 3238 1987 3305 sed
2033 3238 2211 3305 salva
2254 3260 2354 3305 res
2394 3245 2489 3305 est
2535 3244 2601 3305 et
2646 3240 2813 3306 nihil
2855 3244 2924 3306 in

545 3348 718 3415 hisce
784 3350 1093 3415 vitiosum
1153 3352 1267 3414 est.
1359 3347 1708 3434 Dionysius
1770 3350 1845 3410 ut
1904 3344 2196 3430 probaret
2257 3344 2420 3410 illud
2482 3346 2815 3432 ingratum
2860 3355 2925 3411 et

547 3454 841 3533 ὁμοειδὲς,
919 3454 1086 3540 quod
1147 3457 1216 3519 in
1278 3474 1351 3519 ea
1409 3474 1478 3519 re
1540 3454 1966 3518 necessarium
2033 3454 2203 3534 erat,
2258 3472 2383 3517 non
2430 3472 2611 3515 unum
2655 3451 2764 3517 sed
2806 3460 2925 3517 trec

545 3558 719 3626 locos
763 3559 1084 3636 laudavit;
1124 3561 1383 3643 'primus
1422 3562 1518 3623 est
1559 3556 1915 3635 Συρακόσιοι
1956 3553 2020 3619 δὲ
2060 3554 2542 3634 παραλαβόντες
2580 3557 2724 3633 κτὲ,
2764 3558 2927 3624 alter

545 3672 795 3733 autem:
871 3672 1275 3743 Καμαριναῖοι
1351 3662 1412 3728 δὲ
1479 3701 1559 3711 -
1625 3660 2029 3741 ἀθροίσαντες
2100 3663 2236 3726 κτὲ·
2310 3664 2536 3728 tertius
2616 3662 2920 3749 denique:

547 3772 902 3854 Συρακόσιοι
949 3771 1014 3837 δὲ
1060 3768 1518 3847 πυνθανόμενοι.
1613 3770 1956 3836 Neminem
2000 3770 2119 3835 hoc
2161 3766 2435 3835 vidisse!

633 3984 1040 4071 Phrynichus
1109 3986 1179 4049 in
1247 3982 1489 4069 Ecloga
1546 4003 1609 4067 p.
1680 3978 1808 4047 110
1878 3977 2125 4047 Cratini
2192 3978 2629 4067 fragmentum
2704 3980 2924 4048 laudat

544 4090 712 4174 quod
756 4092 1081 4175 sequitur:

727 4196 1069 4274 Λύτομάτη
1122 4193 1182 4259 δὲ
1229 4194 1399 4275 φέρει
1448 4190 1847 4271 τιθύμαλλον
1895 4192 1999 4257 καὶ
2048 4190 2294 4275 σφάκον
2340 4191 2483 4272 πρὸς
2535 4195 2701 4275 αὐτῷ

723 4302 1100 4384 ἀσφάραγον
1148 4300 1387 4367 κύτισόν
1435 4324 1504 4365 τε
1526 4321 1541 4339 ·
1591 4299 1850 4365 νάπαισι
1896 4298 1947 4363 δ’
1995 4297 2305 4379 άνθέρικος
2356 4298 2551 4384 ἑνηβᾷ
2572 4321 2589 4338 ·

723 4408 830 4477 καὶ
879 4408 1125 4492 φλόμον
1171 4404 1444 4490 ἄφθονον
1489 4405 1606 4475 ὥςε
1652 4413 1937 4486 παρεῖναι
1986 4409 2145 4471 πᾶσι
2193 4413 2319 4477 τοῖς
2368 4405 2715 4485 άγρίοις.
