3369 5142
1488 334 1606 386 pao
1654 335 1903 386 onemo,
2745 318 2876 389 215

498 505 723 572 incidit
784 510 852 572 in
912 506 1197 594 Scyllam
1249 509 1403 574 dum
1448 509 1591 575 vult
1637 511 1842 574 vitare
1889 507 2290 594 Charybdin,
2341 513 2680 579 coniiciens
2725 517 2878 580 inei-

502 617 771 698 diando,
836 617 1014 700 quasi
1062 635 1212 681 vero
1259 617 1471 701 magis
1517 611 1894 678 Tullianum
1941 623 2104 678 esset
2150 615 2259 691 „in
2305 616 2662 684 insidiando
2709 619 2884 707 lega-

502 720 633 784 tis'’
682 739 874 805 quam
922 723 989 785 in
1034 722 1403 786 insidiandis
1450 721 1493 784 l.
1546 733 1627 766 -·-
1675 720 1713 803 §
1760 718 1880 796 61,
1930 719 2045 783 ubi
2083 718 2203 786 SF
2239 722 2541 788 recedunt
2581 745 2618 790 a
2663 723 2882 792 PEG

505 848 654 892 cum
722 834 949 892 neutra
1008 827 1259 892 familia
1320 827 1613 892 codicum
1674 825 1860 911 plane
1924 826 2286 892 faciendum
2347 833 2463 894 est.
2555 829 2886 897 Parisinus

500 953 653 998 oum
722 933 777 998 E
802 932 863 1000 G
924 933 1109 998 Bern.
1175 933 1355 998 Leid.
1402 931 1571 997 AB:
1625 933 1724 1008 „si
1769 933 2068 996 manebat
2115 938 2293 998 tanta
2336 932 2454 1000 illa
2499 936 2886 1004 consuetudo

503 1038 716 1116 Caeli,
780 1045 961 1105 tanta
1021 1039 1427 1105 familiaritas
1487 1059 1636 1103 cum
1698 1036 1989 1114 Clodia’',
2037 1037 2174 1102 SF
2220 1038 2398 1104 Leid.
2451 1037 2503 1104 G
2525 1039 2618 1106 D:
2667 1047 2888 1120 „tanta

499 1144 615 1210 illa
664 1146 1052 1212 consuetudo
1102 1143 1280 1212 Caeli
1328 1165 1475 1210 cum
1524 1141 1750 1209 Clodia
1769 1193 1786 1228 ‚
1835 1147 2136 1228 tant-aque
2181 1143 2627 1210 familiaritas”
2642 1169 2661 1226 ;
2715 1147 2886 1236 glos-

499 1271 675 1316 sema
734 1252 1035 1318 videntur
1097 1250 1211 1324 illa
1285 1250 1455 1315 Caeli
1499 1273 1637 1314 cum
1695 1247 1934 1314 Clodia.
2027 1247 2316 1334 Denique
2362 1251 2398 1334 ξ
2447 1249 2531 1316 77
2580 1251 2888 1321 Halmius

502 1356 712 1422 dedit:
768 1359 863 1436 „si
912 1360 1018 1422 cui
1054 1360 1329 1422 nimium
1372 1356 1733 1421 efferbuisse
1770 1354 2028 1419 videtur
2063 1355 2260 1420 huius
2295 1354 2401 1422 vel
2429 1359 2506 1420 in
2545 1361 2890 1446 suscipien-

500 1462 597 1527 dis
658 1463 764 1530 vel
824 1466 892 1527 in
953 1463 1247 1551 gerendis
1304 1463 1671 1526 inimicitiis
1733 1463 1860 1525 suis
1921 1461 2250 1526 ferocitas”
2311 1461 2460 1527 libri
2506 1483 2726 1530 omnes
2771 1451 2884 1534 vis.

502 1567 599 1653 (F.
664 1575 987 1655 praeterea
1048 1593 1126 1636 ex
1184 1570 1402 1635 manif.
1452 1588 1607 1633 corr.
1640 1568 2051 1655 ferocitatis),
2097 1567 2175 1633 S:
2227 1569 2369 1646 „vis
2413 1567 2703 1637 ferocitas
2737 1595 2886 1661 per-

505 1675 811 1755 tinacia”;
871 1676 1309 1742 scribendum:
1377 1677 1497 1738 sive
1550 1675 1852 1759 ferocitas
1917 1675 2038 1736 sive
2090 1676 2442 1760 pertinacia
2460 1721 2476 1751 ‚
2524 1696 2686 1760 quae
2728 1679 2886 1744 refe-

494 1785 727 1845 runtur
786 1783 865 1847 ad
926 1781 1041 1847 illa
1108 1781 1254 1859 „vel
1309 1783 1381 1844 'in
1439 1777 1860 1862 suscipiendis
1925 1777 2270 1863 (ferocitas)
2321 1779 2426 1845 vel
2470 1781 2537 1845 in
2581 1785 2876 1869 gerendis

496 1885 896 1973 (pertinacia)
942 1885 1373 1952 inimicitiis.’'
1469 1884 1647 1949 Idem
1697 1883 1900 1948 Bakio
1945 1884 2200 1968 probari
2245 1884 2452 1951 laetus
2489 1893 2704 1973 postea
2743 1895 2876 1956 ani-

491 1991 829 2059 madverti.
2493 1995 2500 2003 '

580 2097 653 2162 In
716 2101 828 2179 iis,
891 2119 1051 2182 quae
1118 2098 1312 2164 attuli
1333 2147 1348 2173 ,
1396 2102 1546 2162 sunt
1592 2115 1742 2162 sane
1792 2095 2099 2181 quaedam
2119 2144 2136 2179 ,
2183 2115 2344 2180 quae
2391 2116 2504 2182 pro
2543 2103 2872 2166 correctio-

484 2204 676 2268 nibus
734 2207 981 2290 possint
1042 2203 1293 2282 haberi,
1344 2203 1451 2269 sed
1498 2201 1709 2267 multa
1758 2200 2193 2278 difficultates,
2243 2222 2402 2287 quae
2445 2205 2701 2290 insunt,
2747 2227 2872 2272 non

488 2309 727 2377 tollunt
796 2311 983 2396 plane
1002 2359 1017 2384 ‚
1088 2315 1165 2374 ut
1233 2329 1345 2396 pro
1418 2309 1910 2374 correctionibus
1963 2307 2190 2372 baberi
2250 2325 2374 2372 non
2435 2314 2708 2394 possint,
2756 2317 2868 2377 aut

485 2420 694 2482 maius
753 2439 1021 2484 acumen
1081 2417 1389 2502 produnt,
1450 2435 1642 2500 quam
1692 2435 1731 2479 a
1777 2413 2054 2479 librariis
2100 2414 2206 2479 vel
2248 2417 2474 2499 peritis
2517 2419 2718 2501 possit
2763 2440 2874 2484 ex-

486 2525 779 2608 spectari.
829 2522 1061 2590 Tutius
1107 2523 1391 2589 iudicare
1438 2541 1768 2607 possemus
1791 2569 1806 2598 ,
1859 2523 1914 2584 si
1953 2520 2028 2585 de
2063 2519 2333 2586 lectione
2368 2521 2501 2586 cod.
2543 2521 2606 2588 S.
2635 2521 2873 2610 ubique

488 2634 827 2709 constaret3
895 2631 1003 2697 sed
1048 2630 1355 2694 Halmius
1402 2626 1739 2715 (laudabili
1787 2646 1936 2692 sane
1981 2628 2280 2692 instituto
2324 2628 2392 2691 in
2441 2633 2576 2693 tam
2619 2631 2873 2717 ingenti

488 2756 673 2821 opere
736 2742 801 2802 et
861 2737 1137 2819 ambitu)
1203 2736 1379 2801 dedit
1441 2734 1847 2799 collationem
1894 2731 2218 2797 selectam.
2311 2730 2382 2797 Si
2427 2731 2590 2799 liber
2634 2736 2874 2801 scateat

486 2844 702 2917 vitiis,
742 2849 818 2907 ut
856 2842 958 2909 W.
1008 2844 1075 2905 in
1122 2842 1273 2919 hac,
1323 2840 1485 2927 Lag.
1538 2838 1577 2903 9
1626 2840 1695 2903 in
1734 2838 2128 2915 Mureniana,
2171 2838 2248 2903 de
2287 2838 2471 2905 docta
2493 2844 2874 2909 correctione

494 2949 815 3026 „hominis
862 2947 1048 3013 Itali”
1090 2969 1217 3012 non
1266 2946 1681 3034 cogitandum
1732 2966 1864 3010 esse
1911 2951 2079 3009 certo
2126 2952 2468 3029 appareret.

580 3053 685 3121 27.
763 3053 1197 3133 „Deliciarum
1260 3052 1624 3140 obiurgatio
1687 3052 1812 3115 fuit
1856 3050 2051 3137 longa
2095 3054 2160 3115 et
2207 3070 2281 3115 ea
2325 3050 2562 3134 lenior,
2609 3053 2877 3140 plusque

494 3161 947 3248 disputationis
1008 3162 1239 3227 habuit
1305 3179 1499 3245 quam
1566 3160 1924 3224 atrocitatis
1939 3176 1956 3236 ;
2030 3177 2153 3242 quo
2225 3159 2422 3223 etiam
2495 3161 2715 3226 audita
2783 3168 2880 3227 est

498 3268 873 3335 attentius.'’
2383 3344 2389 3351 ,

587 3370 761 3441 Mira
807 3380 903 3440 est
952 3374 1266 3461 oppositio
1311 3372 1754 3460 disputationis
1801 3375 1866 3434 et
1912 3372 2276 3434 atrocitati-3.
2373 3366 2687 3434 Videntur
2732 3371 2884 3438 haec

490 3500 623 3546 esse
670 3480 1013 3557 lacunosa3
1061 3481 1322 3546 fortasse
1368 3478 1495 3543 fuit
1544 3476 1758 3541 simile
1804 3474 1992 3560 qnid:
2047 3474 2214 3551 „fuit
2258 3473 2454 3561 longa
2498 3481 2562 3539 et
2607 3496 2678 3541 eo
2726 3478 2796 3561 (i.
2827 3499 2882 3544 e.

491 3605 563 3650 eo
610 3586 770 3671 ipso)
828 3586 1033 3653 lenior
1054 3634 1069 3664 ,
1125 3586 1396 3672 plusque
1444 3584 1792 3669 disputatio
1831 3584 1956 3645 ista
1996 3578 2224 3645 habuit
2264 3580 2671 3647 humanitatis
2695 3604 2884 3668 quam

495 3692 921 3756 atrocitatis.”
1013 3692 1261 3777 Nempe
1320 3690 1621 3755 dicuntur
1683 3687 1838 3752 haec
1883 3688 2126 3752 ratione
2173 3686 2396 3751 habita
2438 3685 2707 3754 ferociae
2751 3691 2884 3754 ani-

493 3798 713 3881 mique
762 3800 1031 3884 agrestis
1078 3798 1545 3881 Lupercorum,
1596 3796 1778 3859 cuius
1825 3792 2280 3857 documentum
2335 3790 2576 3857 Balbus
2628 3794 2886 3860 dederat

494 3902 555 3989 (ᾖ
602 3902 756 3988 26),
830 3904 997 3987 quod
1054 3906 1179 3968 nisi
1224 3908 1507 3985 tenetur,
1556 3900 1834 3965 adversis
1881 3897 2198 3962 frontibus
2244 3896 2398 3963 haec
2445 3906 2737 3987 pugnant
2782 3922 2884 3967 su·

490 4012 704 4093 perius
750 4010 787 4093 ξ
834 4008 921 4073 25
972 4010 1195 4073 dictis:
1250 4008 1661 4094 „obiurgavit
1699 4002 1990 4070 Caelium
2029 4004 2198 4068 sicut
2235 4006 2556 4068 neminem
2599 4026 2876 4089 unquam

488 4134 713 4201 parens
782 4120 956 4203 (suus
1027 4116 1168 4180 add.
1189 4110 1279 4189 ?);
1337 4112 1547 4177 multa
1608 4111 1687 4177 de
1745 4112 2207 4174 incontinentia
2265 4112 2880 4196 intemperantiaque

494 4220 725 4285 dixit.”
828 4222 926 4286 Eo
998 4221 1323 4286 ablativus
1391 4226 1485 4284 est
1556 4218 1996 4293 instrumenti,
2071 4234 2198 4280 non
2269 4234 2491 4280 causae
2565 4220 2880 4282 moventis

492 4328 804 4414 (idcirco),
876 4334 950 4392 ut
1012 4348 1090 4391 ne
1152 4329 1209 4390 si
1270 4346 1491 4391 verum
1559 4328 1816 4408 quidem
1881 4324 1967 4387 sit
2029 4320 2280 4386 causale
2348 4344 2412 4385 eo
2473 4342 2509 4385 a
2579 4319 2879 4389 Cicerone

492 4431 775 4497 alienum
826 4454 963 4499 esse
1017 4433 1352 4523 (Kiihner,
1404 4430 1582 4495 Ausf.
1636 4426 1750 4496 Gr.
1801 4428 1912 4493 der
1957 4426 2100 4491 Lat.
2149 4424 2426 4511 Sprache
2465 4423 2881 4499 Hann.18'79
