3369 5142
581 298 715 367 258
1574 314 1961 367 mmmm

852 484 970 557 ὥςε
1016 490 1101 570 τῷ
1146 486 1341 569 χρόνῳ
1387 486 1764 572 σέσηρεν,
1813 488 1893 555 ἄν
1939 513 2011 554 τε
2046 488 2309 568 βούλητ’
2355 486 2433 553 ἄν
2477 512 2547 553 τε
2593 486 2724 573 μή,

582 599 651 661 in
698 596 871 662 hisce
916 595 1123 683 igitur
1167 595 1599 683 reponendum
1647 595 1809 663 duco
1855 594 2238 677 σεσηρέν’.

674 808 961 876 Alexidis
1006 808 1184 875 locus
1231 809 1401 895 apud
1447 809 1680 874 Athen.
1731 808 1884 873 VIII
1927 830 1987 895 p.
2033 807 2164 875 362
2205 804 2256 874 G
2295 810 2389 873 ita
2426 806 2706 893 suppleri
2744 806 2960 873 debet:

945 916 1049 982 καὶ
1099 916 1226 995 γὰρ
1275 916 1377 979 ἐπὶ
1426 922 1626 995 κῶμον
1672 914 2067 1003 (πλεῒςον)
2118 912 2448 996 α’νθρῶπων
2495 917 2600 995 ὁρῶ

946 1019 1189 1099 πλῆθος
1238 1021 1494 1103 προσιόν.

583 1129 766 1195 Idem
814 1135 1001 1216 poeta
1046 1127 1279 1195 Athen.
1328 1127 1422 1192 III
1466 1150 1529 1215 p.
1580 1128 1710 1195 107
1760 1129 1835 1209 A.
1876 1127 2433 1215 pharmacopolam
2470 1126 2717 1193 inducit
2755 1126 2964 1193 dicen-

584 1248 713 1303 tem
734 1287 752 1322 ,
799 1244 1139 1324 postquam
1183 1235 1251 1299 in
1295 1235 1430 1300 foro
1477 1233 1820 1301 obsonatus
1869 1242 1999 1301 est:

988 1342 1221 1413 τούτοις
1271 1341 1563 1423 μάγειρος
1615 1344 1681 1406 οὐ
1730 1340 2029 1425 πρόσεισ’,
2075 1343 2203 1406 οὐκ
2249 1340 2573 1422 ὄψεται.

585 1449 897 1515 Emendat
954 1449 1101 1514 οὐδ’
1150 1445 1501 1533 ἅψεται,
1550 1448 1719 1532 quod
1765 1456 2011 1513 certum
2057 1449 2224 1513 mihi
2271 1469 2406 1513 esse
2447 1448 2720 1513 videtur.
2770 1445 2965 1512 Simi-

586 1556 715 1620 lem
764 1552 1186 1639 corruptelam
1236 1553 1459 1619 odoror
1502 1556 1569 1620 in
1610 1553 1939 1641 Euripidis
1981 1553 2128 1620 Ione
2168 1575 2256 1619 vs.
2305 1552 2502 1638 1037,
2542 1554 2656 1618 uhi
2695 1548 2966 1618 Creusae

587 1661 781 1729 verba
825 1668 1007 1739 sunt,
1061 1682 1373 1727 venenum
1422 1660 1794 1749 paedagogo
1841 1662 2146 1727 tradentis
2193 1682 2316 1747 quo
2357 1659 2565 1726 filium
2603 1662 2962 1725 interimat:

1054 1765 1282 1849 κᾶνπερ
1327 1763 1541 1850 διέλθῃ
1587 1770 1849 1847 λαιμόν,
1899 1765 2180 1834 οὔποθ’
2231 1766 2504 1847 ἵξεται

1042 1874 1287 1947 κλεινὰς
1334 1870 1645 1953 Ἀθήνας,
1698 1874 2026 1939 κατθανὼν
2073 1874 2129 1940 δ’
2178 1878 2369 1939 αὐτοῦ
2416 1881 2633 1951 μενεῖ,

590 1983 703 2047 uhi
764 1979 973 2048 multo
1034 1980 1259 2046 malim
1324 1979 1572 2067 legere:
1639 1980 1908 2046 οὔποτ’
1970 1980 2004 2043 ὅ
2017 1985 2290 2060 ψεται.
2382 1980 2777 2047 Huiusmodi
2823 2001 2964 2047 con·

579 2091 863 2175 jectnrae
928 2108 995 2153 se
1060 2090 1231 2174 ipsas
1298 2086 1741 2154 commendare
1811 2087 2042 2154 dehent
2109 2096 2222 2155 aut
2265 2088 2502 2155 frustra
2557 2089 2965 2155 commenda-

588 2196 847 2261 huntur.

680 2406 1008 2487 Quantum
1067 2404 1254 2471 video
1272 2450 1289 2483 ‚
1336 2404 1593 2487 φαιδρὸς
1643 2406 1868 2486 κρατὴρ
1917 2406 2054 2473 sine
2100 2406 2390 2494 exemplo
2438 2408 2678 2474 dicitur
2723 2404 2963 2472 Athen.

589 2512 703 2581 XI.
749 2534 811 2600 p.
861 2510 993 2578 472
1039 2512 1132 2577 A:

1037 2617 1388 2701 φαιδρὸς
1437 2618 1499 2684 δὲ
1549 2620 1774 2699 κρατὴρ
1824 2619 2146 2699 θηρίκλειος
2196 2622 2257 2686 ἒν
2303 2621 2473 2702 μέσῳ

1036 2723 1253 2807 ἔσηκε,
1300 2731 1519 2790 λευκοῦ
1566 2725 1846 2806 νέκταρος
1897 2733 2317 2807 παλαιγενοῦς

1042 2835 1307 2914 πλήρης,
1360 2827 1669 2916 άφρίζωνζ
1719 2825 1782 2897 ὃν
1831 2833 1950 2912 ἐγὼ
1998 2835 2212 2913 λαβὼν
2254 2829 2420 2900 κενὸν

1043 2941 1305 3019 τρίψας,
1360 2941 1619 3014 ποιήσας
1667 2941 1996 3026 λαμπρόν,
2043 2943 2312 3024 ἀσφαλῆ
2358 2943 2549 3018 βάσιν

1036 3045 1271 3131 eticae,
1318 3045 1606 3128 συνάψας
1655 3050 1983 3128 καρπίμοις
2035 3053 2243 3114 κισσοῦ
2293 3049 2538 3124 κλάδοις

1042 3151 1269 3230 ἔςεψα.

588 3261 715 3342 Qui
784 3259 891 3324 hic
960 3256 1245 3344 loquitur
1266 3308 1281 3332 ‚
1355 3258 1513 3324 dicit
1583 3280 1649 3325 se
1719 3265 2029 3326 crateram
2093 3262 2338 3329 dedisse
2399 3266 2467 3330 in
2531 3263 2964 3350 splendorem,

586 3367 889 3446 λαμπρὰν
952 3374 1201 3440 ποιῆσαι
1263 3369 1329 3430 et
1386 3385 1576 3450 quam
1640 3367 1729 3430 bis
1773 3367 2056 3454 legimus
2101 3368 2296 3434 fuisse
2341 3369 2774 3455 splendidam,
2825 3393 2964 3438 eam

586 3495 667 3540 ne
715 3471 912 3540 semel
958 3471 1214 3556 quidem
1262 3471 1541 3559 legimus
1580 3471 1778 3539 fuisse
1813 3497 2077 3554 maynam
2117 3474 2220 3540 vel
2259 3499 2545 3558 capacem.
2649 3477 2964 3564 Equidem

586 3578 833 3667 legam:
902 3577 1138 3658 άδρὸς
1205 3577 1265 3640 δὲ
1329 3577 1594 3662 κρατήρ,
1642 3580 1831 3644 sicuti
1877 3579 2195 3667 Epigenes
2239 3582 2475 3648 Athen.
2527 3583 2620 3648 ΙΙΙ
2664 3605 2728 3670 p.
2780 3585 2864 3651 75
2914 3581 2966 3652 O

589 3685 766 3767 άδρὸν
827 3684 1183 3750 πινακίσκον
1245 3681 1595 3768 appellavit
1652 3691 1722 3749 et
1776 3683 2014 3750 Athen.
2075 3685 2170 3752 XI
2225 3709 2292 3774 p.
2345 3688 2479 3755 474
2517 3692 2575 3756 A
2623 3689 2966 3774 κανθάρους

590 3790 831 3872 άδρούς.

683 4002 985 4088 Sequitur
1028 3998 1195 4084 apud
1244 3997 1644 4065 Meinekinm
1691 4022 1755 4086 p.
1801 3999 1931 4066 439
1972 4002 2262 4070 Alexidis
2295 4005 2764 4096 fragmentum,
2799 4009 2966 4095 quod

594 4110 961 4177 Athenaeus
1006 4108 1289 4173 servavit
1334 4104 1429 4170 IX
1474 4128 1539 4193 p.
1590 4105 1722 4172 383
1769 4106 1856 4173 O:

1863 4209 1984 4296 ἦφέ
2028 4240 2159 4294 μοι
2209 4217 2431 4284 δοκεῖ

946 4319 1191 4386 πνικτόν
1240 4343 1299 4384 τι
1349 4317 1495 4399 ὄψον
1542 4319 1931 4402 δελφάκειον.
1983 4334 2046 4388 Β.
2099 4325 2206 4400 ἡδύ
2257 4350 2357 4403 γε.

957 4438 1034 4494 A.
1083 4425 1305 4492 ἔπειτα
1350 4427 1789 4508 προσκέκαυκε.
1839 4439 1904 4494 Β.
1953 4430 2142 4508 μηδὲν
2188 4433 2534 4514 Φροντίσβς.
