3369 5142
657 305 698 374 4
1669 327 2002 380 summus.

656 504 764 563 tur
826 501 936 584 qui
997 499 1065 562 in
1125 500 1365 584 imperii
1407 501 1741 566 societatem
1786 515 1846 567 et
1891 504 2245 568 consortium
2290 506 2585 566 assumtus
2629 505 2742 578 eet,
2794 503 2868 564 ut
2914 521 3039 562 πα-

652 606 1100 684 ραδυναςεύειν.
1197 617 1717 688 Παραςρατηγεῖν
1781 615 1997 675 autem
2063 609 2138 675 de
2198 611 2281 673 iis
2348 608 2635 692 ponitur,
2686 609 2796 690 qui
2842 605 3039 670 stulte

653 712 1059 795 imperatorem
1103 736 1273 776 suum
1317 716 1469 798 quid
1511 715 1596 777 eit
1623 721 1807 797 sactu
1852 716 2130 800 optimum
2176 716 2410 779 edocere
2456 712 2681 779 velint.

745 923 904 1011 Peg.
949 921 1056 988 54.
1106 924 1132 988 ὃ
1175 922 1534 1004 Χρυσάνθιος
1563 963 1646 974 —-
1674 927 1783 1000 τὴν
1825 931 2122 1004 γλῶσσαν
2148 925 2410 990 ἐνδακὼν
2454 949 2523 1002 ,,ο
2543 925 2575 988 ὖ
2618 948 2667 1001 μ.
2685 949 2711 989 ε
2734 947 2762 988 ν
2780 949 2809 988 ε
2827 921 2956 988 τέο
2975 922 3036 987 ν”

555 1101 560 1104 ,
652 1027 841 1095 εἶπεν.
943 1029 1248 1095 Ἐνδακὼν
1312 1032 1420 1105 τὴν
1483 1037 1783 1110 γλῶσσαν
1844 1031 1949 1098 vel
2012 1031 2081 1097 τὸ
2143 1039 2358 1114 χεῖλος
2409 1029 2646 1096 dicitur
2692 1029 2768 1095 de
2816 1050 2889 1095 eo
2934 1034 3039 1115 qui

652 1138 917 1218 Zinyuoem
984 1137 1088 1202 vel
1158 1137 1382 1200 lobium
1448 1138 1726 1202 dentibus
1786 1140 2147 1222 comprimit,
2214 1159 2293 1204 ne
2356 1137 2512 1222 quid
2572 1138 2821 1202 effutiat
2868 1138 3035 1221 quod

649 1245 922 1306 tacitum
963 1264 1210 1311 servare
1248 1243 1457 1309 malit.
1505 1243 1723 1331 Inepte
1762 1246 1967 1335 igitur
2006 1244 2241 1310 dicitur
2282 1243 2543 1308 ἐνδακὼν
2586 1245 2695 1319 τὴν
2736 1249 3033 1322 γλῶσσαν

650 1343 838 1414 εἶπεν.

742 1564 901 1652 Pag.
955 1563 1062 1631 55.
1112 1565 1188 1631 de
1235 1565 1508 1630 Maximi
1551 1565 1917 1651 philosophi
1963 1585 2158 1630 uxore
2204 1567 2299 1631 ita
2346 1565 2601 1630 scribit:
2656 1567 2689 1640 ἡ
2742 1561 2805 1628 δὲ
2854 1567 3031 1644 φιλο-

653 1672 881 1753 σοφίας
928 1667 1126 1736 ἕνεκεν
1172 1669 1465 1749 Μάξιμον
1509 1679 1742 1736 ΟΤΤΕ
1776 1669 2143 1751 γράμματα
2183 1671 2390 1736 εἷδότα
2430 1669 2796 1752 ἀπέφαινεν.
2846 1667 3031 1735 Certo

654 1777 1096 1863 supplemento
1139 1777 1434 1843 lacunam
1483 1779 1682 1842 sareio
1724 1777 2087 1843 scribendo:
2138 1786 2369 1843 OTTe
2408 1786 2617 1842 NelN
2659 1775 2798 1841 οὔτε
2826 1775 3032 1855 γράμ-

652 1907 835 1962 ματα
883 1883 1088 1949 εἰδότα
1137 1883 1516 1966 ἀπέφαινεν,
1565 1883 1733 1968 quod
1780 1903 1817 1948 a.
1864 1883 2129 1950 Platone
2177 1891 2468 1949 sumtum
2513 1887 2581 1948 in
2622 1882 2875 1964 Leqibue
2915 1881 3029 1947 ΙΙΙ.

652 2011 800 2078 pag.
873 1988 1024 2056 689.
1089 1992 1148 2054 d.
1221 1989 1360 2062 τοὺς
1425 1990 1486 2054 δὲ
1551 1990 1895 2055 τούναντίον
1959 1989 2221 2068 ἔχοντας
2284 1991 2513 2055 τούτων
2559 1992 2636 2062 ὥς
2685 1988 2933 2084 comode·
2961 2012 3030 2054 τε

655 2099 1050 2182 προσρητέον,
1102 2095 1178 2163 ἀν
1217 2097 1320 2160 καὶ
1359 2096 1430 2161 τὸ
1470 2093 1803 2172 λεγόμενον
1847 2097 2053 2170 μήτε
2098 2095 2563 2175 γράμματα
2611 2097 2819 2175 μήτε
2870 2101 3031 2159 νεῖν

653 2205 684 2268 ε’
697 2203 786 2269 πί
801 2228 836 2274 ς
857 2228 939 2268 ων
958 2227 994 2267 τ
1016 2227 1058 2266 α
1079 2227 1132 2288 ι,
1159 2203 1262 2267 καὶ
1291 2202 1408 2274 τὰς
1436 2202 1642 2283 ἀρχὰς
1671 2200 1870 2266 δοτέον
1894 2204 1971 2273 ὥς
2001 2199 2317 2282 ἔμφροσιν.
2365 2204 2422 2267 Α
2446 2201 2715 2268 Platone
2740 2206 3030 2267 sumtum

653 2310 733 2376 ad
773 2309 1131 2395 complures
1169 2308 1327 2374 alios
1351 2311 1671 2385 manavit,
1698 2312 1775 2372 ut
1798 2307 2191 2374 ostendimus
2216 2309 2295 2374 ad
2318 2307 2663 2374 Libanium
2693 2307 3032 2396 (Mnemos.

659 2414 855 2482 1875.
917 2437 1066 2503 pag.
1127 2413 1287 2498 252)
1355 2416 1423 2478 in
1461 2414 1560 2478 his
1601 2414 1679 2478 ad
1720 2411 2071 2492 Galenum‚
2115 2415 2282 2500 apud
2322 2433 2511 2498 quem
2557 2414 2855 2480 mendose
2902 2412 3032 2479 edi-

651 2528 792 2589 tur:
834 2521 1043 2607 (Tom.
1091 2519 1200 2587 VI.
1252 2541 1400 2608 pag.
1443 2517 1593 2585 641.
1635 2519 1881 2607 Kuhn.)
1925 2522 1989 2585 οὖ
2033 2521 2157 2600 γὰρ
2198 2529 2322 2593 τοῖς
2372 2519 2708 2603 ἀττικίζειν
2759 2530 2833 2603 τῇ
2859 2524 3029 2602 φωνῇ

653 2628 1096 2709 σπουδάζουσιν
1162 2627 1338 2691 ἀλλά
1397 2634 1521 2697 τοῖς
1583 2626 1879 2704 ὑγιαίνειν
1931 2626 2195 2691 ἐθέλουσι
2246 2627 2569 2709 γράφεται
2618 2632 2865 2705 ταῦτα,
2916 2624 3031 2691 κᾶν

609 2756 612 2759 ’
651 2742 830 2801 τοῦτο
878 2734 949 2810 δὴ
998 2736 1067 2799 τὸ
1115 2737 1222 2797 τοῦ
1275 2731 1603 2802 Πλάτωνος
1651 2731 1815 2809 μήτε
1864 2731 2228 2811 γράμματα
2277 2734 2438 2810 μήτε
2489 2742 2733 2799 ΝΟΤΝ
2783 2734 3033 2802 ἐπίςων-

649 2866 780 2907 ται.
876 2840 1044 2905 Satis
1115 2837 1362 2903 tumide
1431 2842 1495 2901 et
1564 2837 1788 2922 putide
1851 2837 2121 2903 dieitur:
2188 2862 2338 2903 uxor
2396 2845 2589 2903 virum
2650 2839 3030 2922 φιλοσοφίας

653 2944 850 3013 ἕνεκεν
896 2946 1034 3011 οὔτε
1083 2954 1204 3009 νεῖν
1247 2942 1388 3009 οὔτε
1437 2943 1802 3024 γράμματα
1852 2944 2059 3010 εἰδότα
2106 2946 2490 3029 ἀπέφαινεν,
2542 2967 2655 3031 pro
2702 2954 2931 3013 tantum
2968 2954 3033 3011 in

645 3052 1054 3138 philosophiae
1111 3049 1308 3115 studio
1372 3051 1687 3134 superabat
1714 3058 1799 3115 -ut
1844 3074 1975 3117 oum
2018 3052 2133 3115 illa
2179 3060 2551 3139 comparatus
2598 3053 2757 3117 nihil
2800 3060 3033 3118 omnino

649 3166 802 3224 seire
869 3160 1189 3223 videretur.
1285 3156 1597 3223 Dicebant
1668 3156 1926 3224 Veteres
1997 3179 2477 3243 nonnumquam
2550 3159 2773 3225 eodem
2844 3180 3032 3226 sensu

650 3268 1022 3348 ἀποφαίνειν
1067 3265 1208 3329 τινά
1254 3272 1462 3343 λῆρον,
1512 3264 1810 3344 ἀρχαῖον,
1861 3263 2098 3349 παῖδα,
2142 3269 2214 3329 ut
2254 3264 2715 3351 Wyttenbaeh.
2759 3268 3035 3333 ostendit

651 3373 731 3439 ad
792 3373 1080 3439 Platonis
1142 3370 1510 3435 Phaedonem
1557 3390 1705 3455 pag.
1758 3367 1907 3436 179.
1960 3389 2090 3453 sqq.
2145 3369 2254 3435 sed
2302 3391 2373 3436 ea
2423 3373 2741 3457 sequiores
2791 3373 3034 3438 creber-

649 3482 815 3546 rime
853 3478 1274 3563 usurpabant,
1320 3480 1395 3539 ut
1431 3473 1761 3559 Eunapius
1797 3476 1931 3559 ipse
1972 3496 2119 3563 pag.
2166 3474 2272 3541 32.
2320 3477 2673 3563 (Sosipatra)
2702 3477 2805 3543 τὸν
2841 3476 3031 3560 ἀνδρα

650 3588 754 3650 τὸν
800 3586 1022 3659 ἑαυτῆς
1069 3584 1143 3647 δι’
1197 3580 1498 3659 ὑπεροχὴν
1546 3578 1774 3662 σοφίας
1824 3582 2046 3656 εὐτελῆ
2092 3582 2232 3647 τινὰ
2283 3583 2387 3647 καὶ
2429 3584 2639 3663 μικρὸν
2687 3584 3028 3664 ἀπέδειξεν.

651 3695 932 3763 Maritus
977 3688 1283 3756 Aedesius
1328 3706 1624 3751 summus
1664 3690 1801 3751 erat
1836 3686 2251 3773 philosophus
2271 3736 2287 3767 ,
2330 3689 2438 3755 sed
2476 3690 2637 3755 nihil
2672 3692 2756 3755 ad
2774 3714 3032 3757 umorem.

747 3908 909 3995 Pag.
982 3904 1088 3971 56.
1162 3905 1343 3980 ςολὺν
1414 3902 1757 3983 ἀβροτέραν
1829 3904 1863 3979 ἢ
1937 3905 2107 3971 κατὰ
2169 3904 2513 3987 φιλόσοφον
2578 3906 3029 3989 περιχεάμενος.

655 4015 959 4098 Ineptum
1021 4016 1117 4077 est
1174 4012 1355 4078 τολὺν
1423 4010 1831 4089 περιχεῖσθαι.
1926 4010 2382 4097 Reponendum
2444 4014 2697 4081 videtur
2754 4014 2922 4100 quod
2967 4015 3036 4079 in

659 4142 734 4187 ea
777 4141 846 4185 re
892 4138 1111 4185 omnes
1162 4116 1480 4182 dicebant:
1531 4117 1713 4191 ςολῆν
1761 4116 2228 4198 ἀμπεχόμενος.

745 4332 904 4419 Peg.
957 4324 1065 4395 57.
1133 4326 1318 4399 αὐτὸς
1371 4326 1701 4412 (Iulianus)
1754 4327 1855 4393 ἐπὶ
1909 4328 2012 4394 τὸν
2056 4331 2346 4409 Περσικὸν
2394 4333 2790 4410 συνήγετο
2840 4330 3031 4397 πόλε-

656 4462 790 4518 μον.
839 4434 1150 4504 Mendum
1200 4439 1295 4503 est
1339 4435 1407 4498 in
1454 4433 1777 4512 συνήγετο.
1826 4434 2154 4504 Sententia
2199 4442 2295 4505 est
2338 4438 2611 4523 simplex
2652 4439 3029 4505 admodum:
