3369 5142
1316 315 1723 370 ansncoatm.
2637 293 2719 366 61

323 494 442 558 ιίνέ
452 493 488 556 ,2
569 489 767 558 Plane
835 491 1006 556 enim
1077 491 1463 557 conveniunt
1531 492 1599 556 in
1669 494 1874 557 totam
1947 488 2110 556 hanc
2172 485 2503 574 Euripidis
2566 489 2730 570 ῥῆσιν

324 596 586 664 Horatii
631 596 826 664 verba
871 595 949 662 de
996 593 1373 664 Comoedia:

1537 726 1672 770 acer
1718 708 1967 787 epiricus
2012 725 2085 767 ac
2128 701 2223 767 oie

694 832 801 876 nec
843 810 1038 876 verbio
1081 833 1188 876 nec
1231 811 1406 876 rehu
1449 811 1603 876 ineat
1645 811 1771 876 nisi
1817 809 1976 896 quod
2002 809 2161 894 pede
2204 814 2359 872 certo

708 917 918 1004 differt
963 918 1219 982 sermoni
1261 939 1446 982 sermo
1493 939 1705 982 merus.

433 1021 634 1090 Plane
683 1027 837 1088 sunt
882 1043 1204 1090 sermones
1245 1035 1552 1109 „repentes
1587 1047 1708 1110 per
1751 1022 2054 1089 humum.”

709 1124 752 1193 ὦ
801 1125 1042 1211 πάτερ,
1093 1131 1282 1211 ἐχρῆν
1325 1132 1442 1210 μὲν
1489 1127 1587 1204 οὓς
1635 1132 1759 1211 ἐγὼ
1804 1128 2026 1209 λόγους
2075 1127 2244 1208 λέγω

702 1236 954 1308 τούτους
1000 1233 1211 1316 λέγειν
1267 1236 1358 1304 σέ.

349 1341 456 1410 vel
501 1363 592 1411 vs.
643 1339 708 1409 6.

800 1450 1022 1524 ἐκεῖνος
1068 1451 1121 1517 εἷ
1167 1451 1282 1531 μὲν
1325 1451 1536 1536 μεῖζον
1579 1451 1823 1528 ἠδίκηκέ
1871 1474 1931 1517 τι

802 1558 909 1624 οὐκ
956 1557 1069 1636 ἐμὲ
1117 1558 1400 1639 προσήκει
1446 1559 1812 1638 λαμβάνειν
1856 1557 2087 1625 τούτων
2131 1558 2315 1635 δίκην.

344 1661 452 1730 vel
497 1682 591 1731 vs.
643 1661 754 1730 19.

706 1767 862 1836 ἀλλ’
915 1768 1005 1841 ἶς’
1053 1771 1187 1850 ἐμοὶ
1234 1773 1348 1852 μὲν
1395 1771 1658 1855 zanek,
1706 1771 1967 1855 ἧτόρηκε
2014 1771 2105 1841 δέ.

708 1877 784 1942 σὺ
834 1876 884 1941 δ’
933 1876 1106 1960 ἀνδρί
1149 1879 1248 1960 μ’,
1298 1883 1376 1955 ὦς
1424 1883 1592 1963 Φής,
1643 1878 1892 1954 ἐπιδίδως
1940 1884 2044 1946 νῦν
2091 1879 2401 1960 πλουσίῳ,

706 1981 808 2049 ἵνα
854 1986 945 2063 μὴ
992 1985 1244 2067 aava&
1293 1989 1399 2053 τὸν
1441 1988 1581 2068 βίον
1625 1989 2001 2065 λυπουμένη.

345 2094 410 2155 et
451 2087 530 2154 ad
568 2087 740 2155 hunc
785 2090 1050 2158 modum
1089 2092 1337 2180 reliqua
1376 2095 1670 2179 deinceps
1681 2116 1701 2174 ;
1744 2095 1901 2182 quid
1924 2115 2058 2161 esee
2082 2098 2295 2180 potest
2314 2093 2420 2160 his
2442 2091 2743 2158 omnibus

345 2192 702 2277 πεζότερονῖ
745 2195 838 2262 Ut
876 2196 1108 2266 Weilio
1146 2202 1238 2266 sic
1262 2205 1326 2266 et
1358 2201 1526 2266 mihi
1573 2201 1730 2268 haec
1768 2202 2051 2288 primum
2079 2199 2325 2289 legenti
2348 2200 2649 2266 continuo
2671 2198 2741 2263 in

345 2307 634 2369 mentem
657 2305 834 2369 venit
855 2302 1194 2373 Plautinae
1219 2307 1471 2374 fabulae
1485 2308 1695 2387 Stichi,
1714 2309 1780 2373 in
1806 2327 1931 2394 qua
1954 2305 2291 2372 simillima
2312 2327 2413 2372 res
2434 2305 2654 2393 agitur
2675 2303 2744 2368 in

344 2412 494 2475 actu
531 2408 582 2474 Ι.
635 2407 856 2494 Itaque
897 2410 1168 2479 Weilius
1213 2415 1574 2499 suspicatur
1611 2414 1745 2481 fore
1779 2416 1891 2500 qui
1912 2413 2067 2480 haec
2089 2432 2216 2478 non
2240 2411 2501 2500 Tragici
2522 2413 2745 2495 poetae

350 2513 463 2583 sed
504 2512 754 2581 Comici
795 2536 930 2584 esse
973 2520 1328 2606 opinentur.
1381 2519 1526 2606 Sed,
1557 2525 1631 2587 ut
1669 2521 1845 2587 idem
1876 2519 2329 2591 οἱναντιλέκτως
2356 2517 2746 2585 demonstra-

352 2622 474 2706 vit,
513 2618 770 2709 Tragici
806 2630 1028 2709 poetae
1064 2626 1221 2693 haec
1261 2646 1396 2692 esse
1438 2628 1694 2693 numeri
1733 2624 2073 2693 declarant.
2124 2626 2527 2709 Quicumque
2551 2622 2748 2689 habet

353 2746 575 2795 aurem
635 2732 701 2793 et
745 2728 852 2795 vel
895 2730 1283 2799 mediocrem
1331 2733 1399 2798 in
1448 2754 1516 2799 re
1561 2734 1829 2800 metrica
1876 2753 2067 2799 usum
2112 2753 2193 2799 ne
2239 2736 2553 2818 punctum
2606 2730 2747 2814 qui-

353 2833 500 2900 dem
545 2838 848 2918 temporis
897 2837 1252 2916 dubitabit,
1305 2842 1454 2922 quin
1503 2842 1634 2913 sint
1677 2840 1749 2905 hi
1796 2839 2168 2907 suavissimi
2216 2838 2447 2904 senarii
2490 2834 2747 2920 Euripi-

353 2940 452 3006 dis
469 2988 488 3017 ,
559 2940 744 3005 cuius
803 2961 1035 3007 nomen
1095 2944 1163 3007 in
1223 2943 1430 3011 fronte
1492 2953 1753 3033 gerunt.
1844 2944 1943 3011 Ex
1988 2965 2115 3031 qua
2160 2945 2367 3032 igitur
2414 2939 2746 3027 Euripidis

349 3044 567 3113 fabula
625 3048 828 3111 sumti
887 3066 1022 3114 esse
1067 3047 1376 3133 possunt?
1423 3049 1716 3136 Suspicio
1766 3049 2000 3117 Weilio
2052 3050 2324 3115 subnata
2368 3052 2467 3113 est
2514 3049 2585 3112 ἐκ
2630 3050 2749 3111 τῶν

353 3150 707 3231 Τημενιδῶν
767 3152 924 3219 haec
987 3173 1159 3238 esse,
1223 3155 1337 3221 ubi
1402 3157 1436 3231 ἡ
1484 3157 1741 3236 ’Ὑρνηθὼ
1788 3176 1934 3223 cum
1982 3162 2163 3242 patre
2211 3153 2496 3220 Temeno
2543 3152 2751 3241 egerit

355 3265 434 3326 n'e
491 3280 560 3325 se
613 3264 803 3347 cogat
846 3260 1123 3325 invitam
1170 3258 1478 3326 dilectum
1525 3264 1834 3327 maritum
1882 3263 1994 3329 sed
2039 3282 2384 3348 pauperem
2430 3258 2749 3345 Deiphon-

356 3370 491 3432 tem
537 3364 890 3451 relinquere
938 3369 1014 3429 ut
1061 3365 1280 3432 ditiori
1325 3368 1548 3434 nubat.
1615 3365 1743 3433 Sed
1793 3368 1896 3453 (ne
1942 3367 2155 3432 dicam
2202 3364 2389 3451 plane
2434 3366 2751 3431 contraria

359 3472 494 3551 περὶ
539 3476 650 3543 τῆς
697 3471 1010 3551 ’Ὑρνηθοῦς
1055 3474 1406 3540 memoriae
1453 3494 1588 3540 esse
1625 3473 1879 3559 prodita
1917 3471 2086 3559 apud
2129 3470 2515 3538 Pausaniam
2554 3469 2637 3536 11.
2670 3470 2751 3538 19

362 3582 430 3643 et
487 3574 600 3660 28)
667 3578 810 3661 quis
871 3576 1130 3643 tandem
1195 3581 1359 3645 serio
1421 3578 1720 3646 inducere
1780 3581 1849 3645 in
1912 3580 2207 3645 animum
2252 3578 2489 3664 poterit
2533 3578 2754 3645 cadere

363 3684 520 3751 haee
577 3684 648 3749 in
707 3682 1025 3749 heroicam
1095 3691 1372 3751 aetatem
1449 3692 1516 3752 et
1559 3687 1830 3753 heroum
1876 3706 2201 3772 personas,
2250 3682 2533 3751 maritum
2578 3689 2643 3749 in
2690 3706 2758 3750 re

363 3797 615 3875 aequata
675 3790 834 3855 domi
897 3794 964 3856 et
1029 3812 1269 3857 cca-orem
1327 3792 1420 3858 rei
1461 3794 1819 3879 samium-ie
1850 3792 2119 3877 penuria
2162 3792 2231 3857 in
2276 3811 2534 3857 moerore
2574 3791 2759 3857 naam

370 3896 812 3979 traneiqentem.

915 3998 1018 4068 ἵνα
1063 4005 1154 4081 μὲ
1201 4003 1454 4088 aava&
1501 4005 1604 4071 τὸν
1649 4005 1787 4085 βίον
1834 4002 2209 4083 λυπουμένη.

461 4108 670 4195 Quae,
720 4128 984 4194 quaeso,
1035 4112 1244 4190 ἠρωίνη
1291 4118 1406 4178 aut
1443 4114 1727 4201 cogitare
1764 4117 1878 4178 aut
1921 4112 2127 4177 dicere
2163 4127 2477 4194 umquam
2514 4113 2757 4197 potuit:

825 4214 929 4278 xa}
979 4221 1096 4281 ποῦ
1144 4222 1428 4283 τοσαῦτα.
1475 4216 1767 4299 χρήματ’
1815 4218 1971 4297 ets-iu,
2019 4217 2063 4287 ὦ
2111 4222 2312 4303 πάτερ
2332 4272 2350 4303 ,

824 4312 869 4386 ἃ
923 4324 1171 4401 μᾶλλον
1217 4323 1422 4405 auspic
1473 4326 1773 4407 εὐφρανεῖ
1814 4328 2093 4409 παρόντα
2136 4356 2258 4411 μες

467 4425 784 4513 Equidem
852 4426 1008 4495 haec
1079 4431 1146 4495 in
1217 4430 1432 4518 aliquo
1500 4431 1789 4502 dramate
1857 4433 2151 4524 Satyrieo
2219 4440 2545 4529 Euripidis
2606 4442 2763 4511 olim
