3369 5142
597 295 729 376 228
1563 301 1585 314 ’
1676 331 1897 384 menno

686 503 787 572 Ita
830 507 1069 589 partim
1116 523 1194 571 ex
1240 497 1481 574 Baiteri
1515 507 1956 573 emendatione
1996 507 2340 598 legendum
2379 507 2654 576 videtur.
2681 507 2978 578 Codicest
3087 511 3100 518 ”

598 631 757 696 quae
802 615 859 676 ci
901 613 1032 677 iam
1076 625 1213 679 erat
1261 617 1498 680 tradita
1543 618 1758 680 servis.
1853 615 1926 680 Si
1968 629 2103 681 erat
2148 617 2266 681 hoc
2311 613 2452 682 loco
2495 617 2818 684 soloecum
2865 623 2981 684 est.

599 717 819 800 „Quae
882 719 936 784 si
998 744 1135 786 cum
1196 721 1329 786 iam
1391 719 1569 786 erat’'
1626 720 1696 784 in
1757 725 1941 786 textu
1999 720 2220 786 Halm.
2269 722 2455 788 cuius
2498 723 2811 790 rationem
2857 743 2984 790 non

596 845 921 912 assequor-3
970 827 1038 890 in
1088 827 1491 893 annotatione
1537 827 1699 892 hanc
1745 829 2072 912 proposuit.
2116 827 2450 893 lectionem
2507 849 2707 914 „quae
2755 831 2813 896 si
2851 830 2982 896 iam

594 937 731 998 erat
803 933 1040 999 tradita
1108 935 1307 1000 servis
1368 933 1423 998 si
1482 932 1895 1010 evasissent‚”
1961 935 2070 1001 sed
2131 933 2558 1001 indicativum
2580 985 2598 1013 ,
2665 940 2742 1002 ut
2805 935 2944 1001 dixi
2963 981 2982 1014 ,

594 1038 927 1105 ferendum
990 1045 1133 1125 post
1193 1043 1251 1104 si
1310 1058 1435 1105 non
1485 1044 1644 1124 puto
1662 1089 1681 1124 ‚
1729 1043 2027 1125 quoniam
2073 1060 2200 1105 non
2244 1043 2462 1127 agitur
2508 1041 2585 1108 de
2628 1062 2699 1109 re
2745 1040 2944 1109 dubia
2962 1091 2980 1119 ,

598 1152 712 1211 aut
780 1144 857 1210 de
927 1143 1209 1230 simplici
1277 1145 1675 1220 condicione,
1749 1165 1910 1230 quae
1966 1151 2101 1210 tam
2163 1165 2314 1211 vera
2375 1166 2569 1230 quam
2633 1143 2794 1212 falsa
2850 1167 2984 1214 esse

595 1257 845 1337 potest,
904 1251 1012 1317 sed
1076 1250 1475 1338 significatur
1530 1251 1686 1337 quid
1744 1253 2202 1317 consectarium
2263 1251 2490 1318 fuisset
2539 1255 2595 1318 si
2642 1259 2806 1320 esset
2851 1259 2982 1320 tra·

595 1357 760 1436 dita,
828 1359 895 1424 id
914 1405 929 1430 .
998 1357 1165 1443 quod
1230 1381 1353 1422 non
1412 1357 1656 1424 factum
1707 1378 1841 1424 esse
1886 1360 2163 1443 ponitur.
2258 1358 2500 1424 Melius
2541 1344 2874 1426 Ernestius
2917 1365 2982 1427 et

597 1460 877 1529 Baln‘us:
950 1461 1104 1548 „qui
1164 1465 1259 1542 si,
1320 1483 1521 1548 quum
1566 1465 1695 1528 iam
1749 1468 1883 1528 erat
1927 1463 2163 1528 tradita
2209 1465 2445 1546 servis,
2490 1468 2836 1531 evasissent
2881 1485 2981 1531 su-

595 1569 731 1636 bito
790 1570 900 1653 [ex
961 1569 1205 1635 balneis
1264 1568 1553 1635 mulieris
1614 1567 1900 1654 amici].”
1958 1567 2202 1649 Quibus
2261 1568 2426 1634 nihil
2490 1569 2720 1656 opponi
2775 1575 2982 1656 potest

603 1675 727 1740 nisi
789 1678 1065 1741 mutatio
1121 1675 1291 1740 iusto
1336 1675 1574 1752 maior:
1622 1695 1776 1740 nam
1822 1673 1988 1760 quod
2038 1672 2314 1740 Orellius
2360 1675 2516 1741 dicit
2563 1677 2870 1761 suspicari
2913 1695 2980 1742 se

599 1779 760 1846 vitio
804 1781 1189 1869 typographi
1234 1780 1597 1846 Ernestium
1637 1802 1713 1845 ex
1751 1781 1980 1845 balneis
2017 1779 2304 1846 omisisse
2321 1827 2340 1858 ,
2381 1801 2606 1867 parum
2643 1781 2801 1848 dicit
2837 1801 2980 1848 con·

600 1887 907 1974 siderate;
959 1889 1182 1972 utique
1227 1889 1440 1974 magis
1486 1888 1818 1971 perspicue
1861 1885 2018 1951 haec
2063 1885 2234 1952 dicta
2279 1891 2488 1952 essent
2527 1887 2582 1951 si
2619 1907 2695 1952 ex
2733 1887 2980 1954 latebris

594 1998 706 2060 aut
774 1992 960 2079 plane
1028 1993 1193 2062 nihil
1259 2013 1371 2078 pro
1424 1991 1539 2057 illo
1598 2014 1675 2057 ex
1737 1991 1967 2057 balneis
2027 1991 2382 2079 legeretur3
2449 1998 2516 2058 at
2562 2013 2810 2059 necesse
2854 2010 2978 2060 non

590 2105 716 2179 est3
796 2099 1010 2165 balnea
1071 2098 1137 2163 b.
1162 2097 1207 2163 1.
1274 2097 1595 2186 significat
1655 2097 2018 2163 interiorem
2084 2097 2356 2164 aedificii
2416 2105 2664 2184 partem
2724 2099 2794 2163 in
2855 2117 2980 2184 qua

590 2205 732 2290 ipsa
788 2204 1014 2271 balnea
1075 2208 1253 2271 erant
1276 2253 1293 2282 ,
1361 2207 1716 2291 oppositam
1782 2202 1965 2268 illam
2012 2203 2365 2280 vestibulo,
2413 2203 2476 2268 in
2527 2223 2648 2288 quo
2695 2202 2976 2270 Licinius

594 2317 659 2376 et
706 2313 875 2378 servi
920 2311 1116 2376 fuisse
1162 2311 1563 2389 dicebantur,
1618 2310 1698 2376 cf.
1748 2309 1914 2395 562.
1966 2309 2222 2376 Mecum
2261 2308 2506 2376 Baiteri
2542 2313 2973 2376 coniecturam

590 2419 719 2481 iam
765 2439 837 2483 ea
888 2419 1124 2483 tradita
1170 2418 1397 2501 probat
1440 2416 1725 2504 Kayser,
1775 2418 1885 2482 sed
1931 2416 2186 2501 scripsit
2229 2417 2340 2502 qui
2383 2418 2440 2480 si
2454 2463 2473 2500 ,
2531 2436 2657 2501 quo
2699 2416 2976 2482 mulieris

590 2525 778 2590 amici
834 2525 1131 2589 omittere
1192 2529 1446 2590 coactus
1492 2529 1607 2590 est.
1660 2561 1744 2573 —
1793 2523 2074 2589 Evadere
2119 2521 2196 2587 de
2241 2522 2466 2588 amicis
2515 2521 2760 2589 dictum
2805 2527 2975 2589 reete

591 2632 887 2719 quoniam
958 2629 1058 2696 illi
1119 2630 1207 2713 in,
1247 2630 1530 2696 balineas
1592 2636 1772 2695 erant
1831 2632 2147 2715 compacti
2209 2633 2274 2693 et
2334 2630 2517 2714 quasi
2581 2628 2824 2695 detrusi
2889 2630 2973 2696 cf.

587 2740 624 2823 ξ
672 2735 783 2804 63.
838 2774 909 2785 —-
986 2735 1196 2802 Ullam
1239 2755 1353 2823 pro
1399 2736 1574 2802 illam
1617 2756 1816 2822 paene
1861 2737 2283 2801 necessarium
2325 2742 2500 2821 puto.
2555 2733 2855 2802 ceterum
2897 2734 2969 2801 F.

592 2844 785 2909 habet
833 2863 1035 2929 „quae
1080 2842 1136 2908 si
1183 2864 1331 2908 cum
1376 2842 1508 2907 iam
1557 2848 1721 2908 esset
1766 2839 2068 2907 tradita.''

677 2946 789 3015 672
855 2970 976 3029 „ex
1038 2948 1270 3033 quibus
1325 2950 1644 3034 requiram
1708 2946 2250 3033 quemadmodum
2311 2944 2616 3013 latuerint
2660 2954 2772 3013 aut
2819 2947 2932 3014 ubi
2947 2966 2966 3025 ;

588 3055 866 3122 alveusne
926 3054 1027 3119 ille
1088 3078 1171 3118 απ
1234 3075 1421 3141 equus
1495 3054 1802 3121 Troianus
1851 3054 2058 3140 fuerit
2075 3100 2092 3131 ‚
2156 3054 2268 3137 qui
2329 3058 2427 3119 tot
2473 3054 2750 3121 invictos
2794 3054 2967 3123 viros

584 3161 899 3227 muliebre
945 3159 1190 3227 bellum
1235 3165 1527 3248 gerentes
1572 3160 1799 3226 tulerit
1845 3181 1917 3225 ac
1969 3157 2262 3233 texerit,”

669 3269 713 3333 i.
760 3289 813 3333 e.
884 3287 1040 3333 num
1112 3265 1277 3331 illud
1342 3268 1411 3330 in
1479 3286 1603 3351 quo
1668 3265 2014 3343 latuerint,
2077 3265 2273 3330 fuerit
2335 3264 2555 3332 alveus
2617 3284 2700 3330 an
2763 3284 2966 3351 equus

582 3374 917 3442 Troianus.
1005 3373 1343 3458 Perperam
1363 3397 1383 3435 .·
1468 3371 1688 3438 alveus
1754 3375 1891 3458 ipse
1960 3377 2056 3437 est
2140 3370 2303 3436 alter
2369 3390 2567 3456 equus
2635 3370 2966 3438 Troianus.

576 3480 942 3569 Delendum
1003 3490 1097 3545 est
1140 3503 1245 3543 an.
1294 3475 1507 3543 Sensit
1551 3478 1725 3543 idem
1772 3476 2014 3543 Bakius
2062 3496 2440 3561 proponens:
2499 3476 2841 3555 „alveusne
2886 3477 2964 3542 il·

576 3585 664 3653 lic
682 3634 701 3665 ,
750 3592 824 3651 ut
871 3584 1017 3671 equi
1064 3582 1293 3649 Troani
1340 3583 1597 3648 fuerit.”
1646 3580 1772 3647 Sed
1818 3588 2026 3666 potest
2069 3602 2183 3667 per
2229 3585 2444 3648 iocum
2490 3582 2747 3649 alveum
2773 3603 2964 3667 quen-

583 3692 731 3759 dam
780 3691 1151 3758 balnearum
1198 3692 1290 3775 (in
1342 3708 1467 3774 quo
1512 3686 1776 3753 latuisse
1822 3708 1925 3753 eos
1969 3708 2220 3753 necesse
2267 3688 2428 3773 erat)
2474 3690 2690 3773 ipsum
2729 3707 2965 3774 equum

586 3798 933 3866 Troianum
1003 3796 1229 3862 dicere.
1292 3794 1494 3861 Paulo
1564 3798 1711 3859 ante
1785 3793 2066 3880 „(causa)
2136 3793 2215 3858 ad
2263 3794 2446 3858 testis
2493 3798 2630 3859 tota
2674 3794 2967 3859 traducta

580 3911 713 3972 est:
777 3922 935 3991 quos
997 3902 1255 3987 quidem
1304 3920 1460 3989 ego,
1508 3898 1785 3984 iudices,
1836 3900 2081 3985 [testis]
2128 3920 2253 3965 non
2297 3899 2486 3965 modo
2531 3898 2665 3964 sine
2704 3898 2840 3964 ullo
2884 3898 2966 3963 ti-

579 4010 820 4095 more,”
881 4007 1021 4076 rell.
1078 4008 1293 4074 Etiam
1340 4006 1617 4074 varietas
1663 4004 1952 4072 lectionis
2000 4006 2184 4071 docet
2228 4009 2399 4071 testis
2445 4026 2580 4070 esse
2623 4003 2967 4090 interpola·

579 4122 722 4183 tum
739 4138 755 4197 ;
807 4116 974 4184 vidit
1018 4114 1151 4183 iam
1196 4112 1401 4180 Beier.

676 4222 783 4289 69.
833 4222 1040 4289 Locus
1088 4222 1424 4300 obscurus,
1474 4216 1775 4306 quoniam
1821 4219 1962 4305 ipsa
2005 4237 2104 4285 res
2125 4269 2142 4293 ‚
2193 4236 2352 4304 quae
2398 4216 2693 4303 traditur,
2735 4234 2962 4303 parum

584 4336 738 4397 nota
755 4376 773 4411 ‚
820 4329 932 4396 sed
976 4348 1331 4413 numquam
1376 4332 1547 4394 recte
1592 4346 1659 4392 se
1704 4326 1936 4391 habere
1971 4330 2237 4411 possunt
2274 4324 2461 4390 haec:
2488 4323 2967 4409 (obscenissima

582 4437 802 4509 fabula
843 4434 969 4505 fuit
1016 4436 1092 4502 de
1137 4434 1375 4523 pyxide
1421 4432 1682 4501 Clodiae
1730 4432 1930 4500 servis
1974 4430 2234 4519 tradita)
2287 4430 2653 4517 „percipitis
2697 4430 2962 4506 animis,
