3369 5142
608 267 742 335 282
1603 292 1944 339 Annrnon.

696 458 850 544 Cap.
915 456 1035 523 44:
1107 460 1210 522 καὶ
1284 460 1407 535 μὴν
1468 464 1675 543 πολλῷ
1740 464 1926 527 πλέον
1979 489 2069 542 γε
2127 465 2460 541 ἀγνοεῖν
2523 462 2613 535 ἔςι
2661 466 2886 544 νύκτωρ
2935 466 2968 541 ἢ

602 566 741 641 μεθ’
806 564 1065 649 ἡμέραν,
1128 564 1227 628 ἐπ’
1290 568 1485 641 ἀκτῆς
1547 568 1581 644 ἢ
1646 570 1815 631 κατὰ
1879 569 2078 634 πόλιν.
2170 568 2446 637 Librarii
2505 578 2724 656 stupor
2769 592 2969 657 quum

604 671 757 756 quid
826 676 991 735 esset
1057 680 1498 738 ΓΕΓΩΝΕΙΝ
1568 694 1691 739 non
1762 675 2152 765 intelligeret
2223 677 2398 742 dedit
2467 679 2591 743 duo
2663 678 2971 745 vocabula

607 778 789 855 „bene
838 776 1097 841 Graeca''
1140 803 1221 857 γε
1267 786 1331 843 et
1376 780 1618 857 ἀγνοεῖν
1666 784 2015 847 sententiae
2061 803 2336 847 securus.
2395 784 2593 850 Unice
2637 784 2788 849 huic
2834 783 2973 849 loco

604 886 897 949 convenit
965 892 1299 968 γεγωνεῖν,
1368 887 1436 951 id
1509 893 1604 952 est
1675 885 1998 961 ἐξάκουςον
2056 889 2468 969 φθέγγεσθαι.
2565 888 2700 955 Vox
2761 890 2970 955 multo

603 990 828 1054 clm-ior
888 1002 1125 1055 resonat
1188 996 1252 1055 et
1310 991 1568 1078 longius
1628 993 1968 1059 exauditur
2026 1000 2220 1061 noctu
2281 1016 2473 1081 quam
2534 996 2813 1060 interdiu
2835 1047 2851 1065 .
2899 999 2966 1059 in

601 1095 817 1161 littore
884 1116 1078 1181 quam
1144 1100 1213 1161 in
1282 1098 1455 1163 urbe.
1520 1107 1819 1175 Γεγωνεῖν
1881 1120 1954 1165 eo
2018 1120 2203 1166 sensu
2263 1102 2343 1166 ab
2399 1103 2633 1167 Atticis
2679 1104 2967 1186 usurpari

604 1202 996 1267 ostendimus
1040 1206 1107 1266 in
1155 1204 1309 1268 Non.
1358 1204 1544 1269 Lecta.
1591 1225 1742 1293 pag.
1794 1204 1862 1271 8.

695 1410 849 1497 Cap.
900 1410 1019 1477 45:
1079 1412 1165 1478 τά
1212 1436 1283 1477 τε
1328 1414 1391 1477 ἐν
1437 1424 1514 1497 τῇ
1570 1426 1654 1497 γῇ
1702 1414 1850 1480 ὄντα
1898 1414 2204 1493 ἀναξύσαι
2251 1418 2356 1481 καὶ
2403 1418 2489 1483 τὰ
2537 1419 2596 1481 ἐν
2642 1420 2726 1499 τῷ
2777 1418 2965 1499 πλοίῳ

605 1516 1103 1595 ἀποσπογγίσαι.
1157 1518 1471 1599 Quoniam
1516 1520 1637 1597 ξύω
1656 1569 1673 1599 ,
1725 1521 2006 1600 ἀποξύω,
2053 1522 2297 1600 ἀναξύω
2344 1523 2579 1589 habent
2624 1550 2658 1589 v
2699 1516 2964 1613 longum

602 1623 805 1689 scribe
850 1622 1175 1700 ἀναξῦσαι.
1272 1626 1592 1693 Homerus
1634 1632 1785 1693 noto
1830 1628 2002 1693 loco:

1143 1739 1340 1815 γῆρας
1387 1732 1707 1809 ἀποξύσας
1756 1736 1952 1809 θήσειν
1999 1732 2123 1798 νέον
2169 1734 2472 1813 ἡβώοντα.

696 1938 851 2026 Cap.
917 1938 1035 2007 4¹7:
1098 1944 1198 2003 νῦν
1258 1940 1321 2003 δὲ
1386 1940 1562 2006 αὐτοὶ
1613 1939 2038 2017 καταγνόντες
2087 1940 2247 2029 [τὸν]
2303 1940 2560 2006 θάνατον
2608 1948 2712 2006 τοῦ
2764 1944 2969 2022 ἀνδρὸς

602 2046 1034 2111 ἀπεκτείνατε.
1106 2050 1365 2111 annotat
1428 2046 1683 2110 Editor:
1751 2046 1896 2124 „rdv
1959 2048 2156 2111 abesse
2215 2049 2418 2111 mah'm
2471 2071 2599 2111 cnm
2643 2050 2973 2114 Nauckio.”

602 2152 753 2219 Sine
821 2174 1001 2218 mora
1068 2150 1170 2214 τόν
1239 2157 1627 2236 expunctum
1692 2155 1995 2237 oportuit.
2090 2153 2174 2217 Et
2234 2160 2406 2218 certa
2470 2154 2718 2219 dicendi
2758 2155 2863 2219 lex
2907 2161 2972 2220 et

601 2260 892 2325 omnium
955 2263 1297 2343 perpetuus
1340 2278 1495 2322 usus
1538 2260 1608 2322 in
1656 2258 1894 2323 talibus
1939 2258 2283 2323 articulum
2329 2266 2657 2344 respuunt.
2706 2260 2971 2326 Sexcen-

601 2367 722 2430 ties
784 2365 1027 2453 legitur
1084 2364 1341 2437 θάνατὸς
1406 2388 1560 2437 τινος
1610 2367 2027 2444 κατεγνώσθη.
2121 2365 2276 2447 Quis
2321 2366 2482 2432 ferat
2525 2370 2595 2431 in
2639 2367 2742 2433 his
2789 2369 2815 2431 ὖ
2865 2368 2969 2433 θά-

602 2468 823 2541 νατοςῖ
882 2470 1211 2557 Antiphon
1273 2492 1419 2559 pag.
1490 2470 1619 2537 13¹7
1683 2492 1820 2557 cap.
1889 2472 2006 2537 ¹70:
2071 2476 2178 2535 τοῦ
2242 2472 2293 2536 δ’
2346 2473 2469 2544 ἑνὸς
2514 2474 2730 2539 τούτου
2779 2500 2965 2539 κατε-

604 2578 839 2655 γνώσθη
894 2577 1173 2649 θάνατος.

685 2684 901 2750 Multa
965 2683 1193 2750 vitiose
1254 2687 1477 2750 scribit
1535 2684 1878 2761 Aelianus,
1945 2686 2057 2770 qui
2113 2686 2237 2750 sibi
2303 2689 2561 2774 egregie
2635 2688 2968 2768 ἀττικίζειν

600 2792 966 2866 videbatur,
1030 2791 1141 2857 sed
1202 2793 1615 2857 vitiosissime
1675 2793 1968 2857 omnium
2015 2790 2091 2855 V.
2139 2791 2226 2856 Η.
2276 2791 2420 2856 XII.
2469 2791 2592 2857 49:
2647 2800 2887 2858 Φωκίων
2937 2795 2965 2856 ὅ

601 2903 709 2962 τοῦ
758 2897 964 2962 Φώκου
1009 2897 1313 2970 πολλάκις
1363 2897 1767 2976 ςρατηγήσας
1818 2899 2210 2975 κατεγνώσθη
2260 2897 2522 2979 θανάτῳ.

690 3110 851 3198 Pag.
916 3108 1065 3174 135.
1132 3128 1261 3193 cap.
1328 3106 1451 3172 48:
1502 3105 1619 3174 ὥςε
1666 3109 1878 3189 πολλῷ
1925 3109 2000 3174 ἂν
2047 3108 2411 3189 δικαιότερον
2457 3113 2630 3186 ὑμεῖς
2681 3113 2967 3190 ἐκρίνεσθε

602 3221 636 3296 ἢ
702 3219 821 3295 ἐγὼ
885 3221 985 3280 νῦν
1047 3214 1265 3296 φεύγω
1309 3215 1419 3294 ὑφ’
1469 3216 1631 3291 ὑμῶν
1687 3215 1989 3304 [ἀδίκως]
2041 3217 2288 3281 Mirum
2332 3220 2655 3282 neminem
2703 3222 2968 3284 sensisse

601 3325 821 3396 ἀδίκως
882 3320 1079 3387 stulte
1146 3341 1277 3387 esse
1338 3321 1796 3406 interpolatum
1846 3327 1910 3386 et
1955 3325 2211 3409 penitus
2259 3321 2540 3388 Oratoris
2587 3328 2966 3390 sententiam

602 3435 980 3516 pervertere.

693 3643 855 3730 Pag.
910 3639 1057 3706 135.
1105 3662 1242 3726 cap.
1291 3639 1413 3704 49:
1460 3649 1749 3705 σκοπεῖτε
1801 3640 1862 3704 δὲ
1911 3640 2012 3703 καὶ
2054 3641 2124 3702 ἐκ
2163 3647 2286 3704 τοῖν
2325 3641 2535 3717 λόγοιν
2572 3653 2698 3709 τοῖν
2737 3644 2966 3722 ἀνδροῖν

604 3750 903 3826 ἑκατέροιν
961 3754 1085 3810 τοῖν
1146 3746 1645 3822 βασανισθέντων
1707 3746 1775 3808 τὸ
1836 3746 2060 3838 δίκαιον
2107 3746 2212 3810 καὶ
2261 3749 2328 3811 τὸ
2378 3749 2555 3818 εἰκός.
2648 3749 2964 3814 Emenda:

602 3858 667 3921 ἐκ
737 3861 937 3919 ΤΩΝ
1000 3852 1259 3930 λόγΩΝ
1322 3860 1447 3914 τοῖν
1512 3853 1778 3935 ἀνδροῖν,
1838 3852 1906 3916 id
1955 3857 2050 3916 est
2097 3851 2164 3929 ἐξ
2211 3849 2286 3916 ὧν
2333 3853 2616 3930 λέγουσιν
2665 3855 2960 3934 ἑκάτεροι.

602 3963 700 4026 De
761 3961 1007 4025 duabus
1066 3960 1491 4034 orationibus,
1558 3958 1766 4023 veluti
1825 3957 2273 4023 Demosthenis
2339 3966 2402 4024 et
2447 3960 2786 4026 Aeschinis
2835 3962 2964 4042 περὶ

603 4064 1151 4144 παραπρεσβείας,
1215 4072 1382 4128 recte
1444 4065 1757 4128 diceretur
1803 4064 1872 4126 ἐκ
1919 4072 2045 4128 τοῖν
2094 4063 2332 4142 λόγοιν,
2383 4087 2508 4130 non
2557 4067 2633 4131 de
2677 4070 2760 4131 iis
2807 4089 2966 4152 quae

604 4176 729 4240 duo
778 4178 969 4238 testes
1014 4191 1126 4256 pro
1174 4171 1543 4234 testimonio
1591 4170 1906 4234 dixerunt.

691 4384 851 4472 Pag.
905 4379 1054 4447 135.
1098 4401 1233 4465 cap.
1283 4377 1403 4444 49:
1452 4381 1479 4443 ὅ
1526 4379 1580 4444 δ’
1627 4379 1926 4459 ἐλεύθερος
1973 4378 2202 4445 οὐδέπω
2252 4383 2350 4444 νῦν
2397 4379 2592 4461 εἴρηκε
2640 4385 2770 4465 περὶ
2818 4386 2966 4463 ἐμοῦ
