3369 5142
1377 360 1762 413 comconuu.
2634 334 2766 405 423

740 534 1004 602 ἅπαντα
1050 531 1301 615 μοχθεΐ
1342 536 1694 616 κάγρυπνεῖ
1734 532 2162 619 κάργάζεται,

740 638 815 706 ἵν’
860 639 1057 713 ἄλλος
1102 639 1303 708 ἐλθὼν
1347 640 1702 723 μεταλάβῃ
1746 639 1852 706 καὶ
1902 641 2368 719 κτήσηται,

374 746 445 811 id
488 748 696 833 igitur
739 744 1016 814 Cobetue
1060 747 1305 815 Mnem.
1356 748 1464 813 IV.
1522 747 1649 813 140
1698 748 2030 813 Menandri
2079 768 2214 813 esse
2261 749 2527 834 negavit
2547 796 2564 831 ,
2607 766 2758 813 cum

378 852 643 918 barbaro
690 874 977 919 sermone
1022 858 1449 941 conscriptum
1496 857 1581 919 eit
1629 854 1940 939 quidquid
1989 856 2056 919 in
2112 853 2229 920 illa
2292 855 2759 939 comparatione

378 960 711 1041 utriusque
772 966 995 1045 poetae
1055 960 1427 1045 proferatur.
1522 959 1613 1026 At
1664 960 1770 1027 vel
1813 962 1906 1025 eie
1953 964 2166 1024 tamen
2212 966 2556 1044 potuerunt
2601 960 2760 1025 vitia

374 1066 647 1150 irrepere
664 1112 681 1142 ,
744 1067 975 1150 quibus
1035 1066 1331 1133 sanandis
1387 1069 1505 1132 etsi
1568 1085 1693 1132 non
1742 1065 2026 1131 multum
2075 1085 2298 1150 operae
2345 1065 2754 1131 tribuendum

378 1175 463 1237 sit
479 1219 498 1250 ,
561 1176 757 1239 etiam
820 1172 975 1243 dum
1038 1176 1105 1238 in
1152 1193 1407 1259 corpore
1452 1172 1571 1239 vili
1617 1172 2004 1238 medicinam
2054 1173 2326 1238 facimus
2342 1221 2359 1245 ,
2404 1175 2758 1257 poterimus

377 1283 581 1345 artem
627 1278 897 1363 experiri
942 1284 1009 1345 et
1052 1279 1269 1345 videre
1316 1279 1469 1363 quid
1516 1278 1890 1366 corrigendo
1936 1277 2281 1345 valeamus.
2350 1276 2495 1345 Non
2538 1277 2755 1366 legam

378 1391 548 1451 certe
607 1388 947 1469 κτήσηται,
1008 1406 1127 1451 nec
1188 1388 1401 1473 magis
1464 1384 1763 1458 κτήσεται
1825 1384 2105 1470 probabo
2124 1434 2141 1467 ,
2205 1383 2372 1469 quod
2435 1383 2757 1451 Meinekio

382 1511 508 1556 non
566 1491 761 1557 nimis
822 1490 1229 1577 displicebat,
1297 1492 1409 1557 sed
1460 1494 1729 1579 gravius
1792 1491 2098 1557 mendum
2155 1491 2404 1574 subest,
2453 1491 2618 1575 quod
2665 1494 2758 1557 ita

383 1595 601 1664 tolles:

742 1700 818 1769 ἵν’
868 1701 1063 1777 ἄλλος
1110 1701 1306 1769 ἐλθὼν
1349 1702 1701 1784 μεταλάβῃ
1750 1702 1852 1765 κα)
1902 1701 2388 1784 καταφάγῃ.

469 1916 779 1985 Stobaeus
824 1916 993 1983 Flor.
1044 1918 1081 1982 7
1088 1916 1151 1983 9.
1205 1916 1291 1983 14
1324 1918 1639 1994 servavit,
1680 1916 1850 2001 quod
1889 1917 2244 1983 Meinekius
2282 1918 2476 1985 habet
2497 1941 2559 2005 p.
2584 1917 2708 1985 251
2740 1942 2757 1986 ε

744 2024 1123 2104 αἰσχύνομαι
1173 2022 1279 2089 τὸν
1323 2021 1601 2107 πατέρα,
1652 2028 2039 2103 Κλειτοφῶν,
2088 2022 2289 2101 μόνον.

740 2130 1145 2208 ἀντιβλέπειν
1190 2132 1491 2196 ἐκεῖνον
1539 2132 1605 2195 οὗ
1651 2129 1987 2207 δυνήσομαι

741 2237 996 2322 ἀδικῶν,
1042 2240 1130 2302 τοὶ
1175 2237 1228 2301 δ’
1276 2234 1451 2301 ἄλλα
1499 2236 1712 2320 ῥαδίως
1758 2235 2279 2316 χειρώσομαι.

378 2342 895 2429 Uniuscuiusque
956 2348 1053 2411 est
1114 2345 1643 2428 praepositionem
1708 2345 1982 2408 inserere
2043 2347 2108 2408 et
2169 2345 2515 2431 corrigere:
2563 2368 2614 2409 π
2629 2369 2660 2425 ρ
2677 2346 2706 2411 ὸ
2724 2371 2754 2420 ς

379 2450 679 2515 ἐκεῖνον
698 2497 716 2527 ,
787 2449 897 2516 sed
958 2452 1221 2537 gravius
1288 2455 1623 2535 peccatum
1684 2449 1812 2514 fuit
1853 2451 1922 2514 in
1969 2447 2200 2515 ultimo
2248 2448 2572 2516 vocabulo.
2623 2449 2753 2517 Hic

378 2577 627 2643 quoque
672 2556 878 2622 scriba
922 2556 1077 2622 fecit
1119 2556 1287 2642 quod
1324 2577 1509 2644 saepe
1543 2555 1786 2622 factum
1811 2558 1908 2622 eet
1931 2554 2098 2641 apud
2123 2554 2499 2641 stobaeum,
2523 2578 2754 2644 nempe

378 2684 534 2748 quas
576 2663 797 2729 literae
844 2664 1211 2750 dignoscere
1256 2683 1379 2729 non
1424 2667 1708 2748 poterat,
1751 2683 1856 2728 eae
1894 2677 2242 2748 utcumque
2281 2663 2586 2749 explevit.
2635 2665 2754 2730 Ni-

378 2769 477 2834 hil
536 2768 712 2834 aliud
773 2767 935 2835 latet
980 2789 1211 2856 quam:
1262 2769 1349 2832 τά
1396 2768 1449 2833 δ’
1498 2766 1674 2834 ἄλλα
1723 2769 1934 2852 ῥαδίως
1985 2771 2310 2850 χαίρειν
2359 2771 2467 2834 ἐῶ.
2561 2770 2754 2836 Haud

379 2874 709 2940 dissimilis
768 2876 933 2941 ratio
996 2881 1092 2940 est
1152 2896 1211 2961 p.
1262 2873 1397 2940 254
1418 2924 1434 2952 ,
1486 2876 1599 2940 ubi
1644 2875 1872 2941 itidem
1921 2874 2356 2962 fragmentum
2401 2876 2712 2942 habemus
2733 2925 2749 2954 ,

378 3002 417 3048 a
462 2981 729 3049 Stobaeo
770 2989 1129 3047 servatum:

784 3087 1157 3168 χαλεπόν
1206 3113 1287 3166 γε
1332 3089 1571 3152 τοιαῦτ’
1619 3086 1744 3156 ἔτιν
1791 3087 2275 3168 ἐξαμαρτάνειν.

783 3191 827 3260 ἃ
875 3195 980 3258 καὶ
1028 3194 1239 3272 λέγειν
1286 3195 1573 3270 ὅκνοῦμεν
1618 3195 1688 3260 οἱ
1735 3196 2292 3275 πεπραχότες.

375 3301 690 3387 Equidem
736 3299 950 3366 locum
990 3303 1081 3366 sic
1127 3303 1435 3386 scriptum
1486 3300 1885 3389 intelligam:

782 3403 1103 3474 ἄτοπόν,
1135 3430 1216 3485 γε
1260 3411 1481 3472 τοιαῦτ
1529 3405 1653 3476 ἔςιν
1702 3407 2192 3487 ἐξαμαρτάνειν,

784 3511 828 3579 ἃ
877 3517 981 3578 καὶ
1032 3512 1247 3592 λέγειν
1292 3515 1582 3594 ὃκνοῦμεν
1629 3515 1696 3578 εἶ
1746 3513 2339 3596 πεπράχαμεν.

374 3619 697 3686 Ultimum
742 3621 862 3686 hoc
908 3622 959 3684 εἰ
1008 3619 1436 3701 πεπράχαμεν
1483 3625 1730 3686 certum
1772 3629 1899 3698 eet,
1955 3623 2054 3684 uti
2102 3621 2386 3686 arbitior.

468 3830 665 3897 Mitto
732 3837 987 3897 minuta
1045 3831 1356 3918 quaedam
1420 3834 1583 3898 vitia
1648 3837 1713 3898 et
1771 3831 1994 3898 accedo
2041 3832 2121 3898 ad
2166 3853 2229 3919 p.
2281 3831 2410 3898 265
2435 3883 2450 3910 ,
2503 3833 2615 3898 ubi
2661 3833 2756 3898 af-

374 3939 576 4003 fertur
620 3959 655 4004 e
700 3938 1005 4004 Strabone
1042 3939 1107 4002 X
1145 3959 1209 4024 p.
1252 3937 1384 4004 486
1426 3939 1592 4023 quod
1632 3937 1955 4022 sequitur:
2001 3940 2172 4017 παρὰ
2211 3947 2336 4012 τοῖς
2376 3939 2571 4010 Κείοις
2598 3938 2762 4003 δοκεῖ

375 4042 639 4120 τεθῆναί
684 4069 832 4110 ποτε
880 4045 1093 4123 νόμος,
1144 4041 1210 4110 οὖ
1259 4044 1573 4122 μέμνηται
1623 4044 1728 4108 καὶ
1783 4045 2124 4123 Μένανδρος

782 4153 971 4218 καλὸν
1019 4153 1089 4218 τὸ
1132 4152 1317 4216 Κείων
1368 4151 1623 4230 νόμιμόν
1669 4152 1758 4218 ἐςι
1811 4153 2012 4218 Φανία
2039 4175 2054 4190 ·

781 4259 809 4323 ὃ
866 4259 957 4335 μη
996 4257 1325 4336 δυνάμενος
1372 4257 1479 4339 ζῆν
1526 4261 1734 4328 κακῦς
1781 4259 1863 4324 οὐ
1911 4257 1998 4340 ζῇ
2046 4263 2334 4331 κακῶς.

376 4363 755 4442 προσέταττε
822 4365 989 4449 γὰρ,
1050 4365 1127 4435 ὥς
1183 4362 1405 4446 ἔοικεν,
1454 4365 1483 4428 ὃ
1532 4362 1710 4440 νόμος
1757 4365 1896 4438 τοὺς
1946 4365 2092 4444 ὑπὲρ
2141 4361 2436 4439 ἑξήκοντα
2485 4361 2592 4438 ἔτη
2649 4387 2756 4440 γε·

374 4469 637 4548 γονότας
704 4467 1147 4549 κωνειάζεσθαι
1208 4467 1391 4536 ἕνεκα
1435 4474 1543 4535 τοῦ
1594 4470 1860 4550 διαρκεῖν
1907 4479 2036 4540 τοῖς
2081 4470 2298 4544 ἄλλοις
2347 4471 2456 4545 την
2502 4473 2750 4552 τροφήν.
