3369 5142
586 295 719 381 384
1667 330 1906 382 cronno,

583 507 829 590 menes]
896 505 993 570 vir
1048 506 1316 582 amabat3
1362 525 1561 570 verum
1606 511 1802 568 tamen
1847 505 2027 568 huius
2069 502 2317 567 libidini
2359 501 2666 566 adversari
2711 523 2816 566 nec
2853 523 2969 586 po-

591 617 745 676 terat
791 635 897 677 nee
942 613 1219 678 audebat.

682 716 887 797 Quam
936 720 1180 806 puerile
1226 723 1321 784 est
1368 717 1526 784 talia
1570 720 1993 804 interponere!

680 931 754 997 In
812 933 849 1017 ἓ
898 931 1020 998 82:
1080 956 1209 998 cum
1266 937 1364 996 vir
1407 937 1557 996 esset
1602 935 1915 1016 Syracusa}
1959 951 2196 993 uxorem
2248 927 2442 1016 [eius]
2481 953 2698 1013 parum
2739 935 2974 1013 potera-t

592 1045 788 1102 animo
836 1041 1028 1105 soluto
1074 1063 1142 1102 ac
1188 1040 1375 1103 libero
1422 1045 1509 1102 tot
1554 1038 1621 1100 in
1668 1045 1805 1102 acta
1847 1037 1978 1101 dies
2021 1059 2212 1100 cecum
2257 1037 2486 1101 habere.

686 1145 968 1212 Fatuum
1016 1152 1082 1212 et
1128 1165 1667 1231 supervacaneum
1717 1144 1848 1208 eine
1891 1142 2349 1228 interpolatum
2397 1163 2531 1208 esse
2575 1140 2762 1209 vidit.

688 1359 763 1424 In
819 1360 856 1444 ς
906 1357 1069 1423 108:
1134 1357 1403 1422 Naevius
1456 1357 1673 1439 Turpio
1725 1394 1807 1404 —
1860 1357 2004 1441 [qui
2050 1355 2122 1422 G.
2173 1355 2506 1423 Sacerdote
2551 1359 2836 1441 praetore
2882 1355 2978 1420 in-

599 1465 909 1531 iuriarum
958 1464 1297 1529 damnatus
1346 1462 1495 1551 est].
2095 1507 2102 1516 .

689 1569 948 1637 Delevit
1004 1568 1174 1634 male
1235 1570 1504 1653 repetita
1550 1589 1627 1632 ex
1673 1567 1754 1633 ΙΙ.
1806 1569 1843 1650 g
1892 1566 2012 1632 22:
2055 1568 2212 1651 petit
2257 1568 2530 1633 Naevius
2579 1568 2798 1652 Turpio
2851 1573 2982 1652 qui-

604 1679 741 1742 dam
790 1714 873 1726 —
929 1681 989 1740 Ο.
1044 1676 1358 1740 Sacerdote
1396 1683 1673 1758 praetore
1719 1675 2137 1739 condemnatus
2181 1675 2566 1739 iniuriarum.

694 1885 769 1951 In
824 1889 859 1971 ξ
910 1883 1075 1951 111:
1144 1885 1302 1949 hunc
1360 1889 1565 1949 scitote
1614 1883 1819 1969 fuisse
1886 1883 2325 1970 [Heraclium]
2389 1889 2456 1946 in
2508 1905 2575 1947 ea
2622 1905 2801 1946 cauea
2820 1931 2838 1965 ,
2883 1886 2988 1966 qui

598 1999 843 2078 propter
896 2015 1135 2075 qravem
1194 1997 1451 2057 morbum
1512 1991 1810 2057 oculorum
1875 2001 1998 2054 tum
2043 2013 2163 2055 non
2207 1996 2520 2072 navi-qaam·
2567 2000 2626 2054 et
2674 2027 2756 2040 --
2804 1989 2986 2075 Syra-

608 2106 763 2166 ousia
806 2117 1191 2164 remanserl'r.

696 2206 1031 2292 Expuncto
1070 2205 1441 2274 Heraclium·
1476 2204 1782 2269 correxit:
1831 2204 2166 2285 naviqaru
2215 2209 2280 2270 et
2321 2220 2725 2269 remanseram.

695 2418 770 2483 In
815 2419 851 2501 ξ
903 2415 1030 2481 112
1080 2436 1173 2501 sq.
1220 2415 1451 2480 Furius
1496 2417 1726 2500 eapitis
1771 2416 2110 2481 damnatus
2151 2417 2219 2482 in
2266 2436 2512 2482 carcere
2560 2416 2984 2481 defensionem

607 2545 831 2593 causae
893 2543 1043 2589 suae
1104 2522 1439 2606 scripserat
1462 2568 1477 2594 .
1542 2541 1621 2586 ex
1683 2541 1809 2606 qua
1871 2519 2091 2589 Cicero
2147 2522 2302 2589 haec
2347 2523 2619 2608 profert:
2667 2544 2785 2587 non
2823 2544 2990 2605 posse

620 2633 855 2698 Verrem
919 2636 1091 2694 testes
1146 2629 1555 2711 interficiendo
1621 2629 1795 2714 [nos]
1861 2634 2230 2711 exstinquere
2245 2662 2264 2691 .·
2308 2631 2639 2711 ,qraviorem
2687 2630 2854 2713 apud
2894 2653 2990 2691 ea-

589 2745 824 2823 pientee
868 2737 1093 2800 iudices
1134 2757 1198 2799 se
1224 2735 1380 2819 sore
1423 2741 1498 2798 ab
1544 2736 1770 2819 &eserie
1815 2742 2012 2800 testem
2061 2758 2236 2820 quam
2281 2736 2338 2800 ei
2383 2741 2549 2800 vivus
2597 2735 2662 2799 in
2702 2735 2990 2799 iudicium

592 2846 1060 2928 produceretur.-
1118 2847 1241 2904 tum
1305 2842 1605 2905 avaritiae
1660 2842 1850 2905 solum
1869 2890 1887 2925 ,
1935 2842 2022 2924 [si
2067 2844 2386 2925 viveret,]
2435 2864 2592 2905 nunc
2611 2889 2628 2919 ,
2679 2844 2856 2924 [cum
2897 2843 2992 2906 ita

608 2964 772 3016 esset
815 2953 1075 3014 necatus
1090 2946 1138 3031 ‚J
1190 2947 1459 3023 sceleris,
1510 2948 1829 3024 audaciae,
1881 2948 2260 3013 crudelitatis
2305 2955 2502 3012 tecte-m
2538 2948 2699 3034 fore.

697 3054 1019 3142 Pluygers
1088 3054 1158 3116 in
1217 3054 1403 3117 Lea-tt.
1475 3053 1625 3116 Tull.
1695 3058 1951 3119 auctore
1999 3052 2426 3140 Wesenbergo
2474 3076 2582 3119 nos
2629 3052 2878 3139 expulit
2924 3058 2989 3119 et

607 3166 745 3250 ipse
812 3161 869 3225 si
933 3164 1153 3223 viveret
1219 3158 1669 3241 interpolatum
1741 3180 1874 3224 6666
1945 3159 2421 3225 animadvertit.
2518 3158 2764 3225 Deinde
2847 3164 2990 3245 post

604 3268 945 3356 repetitam
990 3264 1330 3330 lectionem
1376 3268 1574 3329 sensit
1620 3265 1843 3331 eodem
1890 3266 2080 3332 modo
2126 3265 2584 3351 interpolatum
2631 3284 2802 3331 esse:
2863 3288 2990 3329 cum

602 3383 693 3441 ita
740 3380 888 3439 esset
932 3382 1205 3449 necatus,
1256 3376 1321 3435 et
1367 3391 1479 3456 pro
1526 3378 1703 3435 testes
1749 3373 2152 3456 interficiendo
2199 3373 2539 3453 extimuere
2585 3372 2987 3437 emendavit:

611 3489 804 3546 testem
866 3496 941 3545 sn
1000 3478 1411 3559 interficiendo
1458 3482 1848 3560 eastinyuere.
1945 3478 2006 3543 N
2009 3498 2088 3543 on
2138 3478 2214 3543 de
2263 3477 2407 3542 aliis
2455 3478 2727 3545 testibus
2770 3480 2878 3542 sed
2919 3480 2991 3542 do

607 3610 669 3653 se
714 3592 837 3670 ipso
884 3606 1000 3648 uno
1043 3582 1275 3647 Furius
1322 3582 1601 3649 dixerat:
1652 3586 1850 3650 etiam
1899 3586 1954 3649 61
2003 3605 2104 3647 me
2152 3584 2538 3650 interfecerit
2585 3605 2665 3650 ne
2704 3586 2991 3649 testimo-

605 3697 788 3759 nium
854 3691 1063 3756 dicam
1085 3738 1103 3772 ,
1156 3688 1320 3753 nihil
1380 3693 1566 3776 aget:
1632 3692 1892 3775 gravior
1953 3692 2121 3755 enim
2171 3689 2339 3775 apud
2387 3692 2700 3776 sapientes
2747 3690 2986 3755 iudices

608 3800 688 3865 ab
736 3796 955 3863 inferis
1000 3796 1185 3860 testis
1230 3795 1488 3860 futurus
1534 3816 1700 3860 sum.

694 4013 771 4078 In
826 4014 863 4097 ᾖ
913 4008 1081 4078 137:
1144 4010 1243 4073 tui
1288 4008 1532 4073 milites
1576 4009 1645 4072 in
1692 4009 2019 4094 provincia
2066 4007 2289 4076 Sicilia
2334 4010 2631 4097 frugibus
2679 4010 2987 4093 [frumen-

604 4120 827 4206 toque]
877 4121 1233 4183 caruerunt.

692 4224 949 4291 Delevit
998 4224 1461 4307 frumentoque3
1527 4221 1714 4286 credo
1783 4221 1949 4307 quod
2011 4222 2174 4288 nihil
2237 4226 2402 4289 inter
2453 4224 2674 4310 fraqe-9
2735 4230 2798 4291 et
2838 4226 2988 4307 fru-

602 4338 854 4401 mentum
901 4332 1163 4395 interest
1210 4332 1273 4393 et
1327 4330 1418 4393 sic
1465 4330 1790 4413 perinepte
1838 4329 1937 4392 bis
1985 4328 2159 4394 idem
2208 4328 2462 4393 dicitur.
