3369 5142
720 1177 1271 1268 CICERONIS
1332 1178 1717 1268 ORATIO
1776 1179 1976 1268 PRO
2035 1179 2445 1270 CAELIO.

1358 1465 1826 1508 -aev-szr-es-

489 1694 637 1765 Sex.
712 1695 979 1762 Clodius
1051 1698 1407 1782 praefectus
1469 1717 1802 1779 operarum
1865 1698 1940 1764 P.
2007 1697 2218 1765 Clodii
2280 1703 2500 1786 paucis
2561 1701 2788 1767 diebus

400 1807 545 1868 ante
606 1799 971 1869 Caelianam
1036 1803 1327 1869 habitam
1390 1807 1526 1869 erat
1594 1803 1964 1888 absolutus,
2028 1801 2201 1874 Cael.
2265 1803 2353 1871 32
2373 1855 2391 1890 ,
2443 1805 2568 1893 '783
2617 1808 2786 1893 quod

401 1928 549 1972 cum
601 1909 903 1974 acciderit
948 1929 1168 1974 mense
1214 1908 1449 1974 Martio
1499 1908 1554 1974 ai
1604 1907 1738 1973 698
1787 1909 1894 1996 (ad
1945 1909 2018 1990 Q.
2068 1911 2148 1976 fr.
2199 1909 2279 1977 II.
2323 1911 2384 1977 4.
2414 1910 2456 1977 6
2485 1931 2556 1966 =
2587 1911 2645 1977 6.
2679 1910 2783 1994 6),

400 2033 513 2099 pro
582 2012 801 2080 Caelio
868 2012 1036 2079 dixit
1093 2010 1317 2081 Cicero
1380 2035 1595 2080 mense
1655 2012 1904 2100 Aprili,
1964 2035 2196 2102 nempe
2255 2039 2369 2103 per
2413 2017 2548 2083 dies
2594 2018 2788 2085 festos

400 2119 506 2200 (cf.
570 2117 738 2188 Cael.
806 2121 977 2206 init.)
1026 2121 1083 2185 ·i.
1111 2141 1161 2185 e.
1228 2119 1631 2208 Megalenses
1649 2171 1667 2202 ,
1731 2125 1808 2187 ut
1871 2120 2160 2206 videtur,
2209 2125 2321 2208 qui
2367 2126 2505 2189 eius
2551 2126 2789 2190 mensis

404 2224 507 2292 die
566 2224 790 2290 4—10
848 2224 1348 2290 celebrabantur.
1440 2225 1515 2290 In
1577 2227 1808 2312 quibus
1855 2226 2080 2292 diebus
2125 2249 2272 2294 cum
2321 2249 2488 2295 unus
2536 2234 2789 2295 tantum

404 2333 521 2414 sit,
604 2351 729 2416 quo
809 2330 956 2420 1838
1026 2331 1133 2419 agi
1202 2333 1437 2417 possit,
1512 2337 1776 2417 quartus
1798 2383 1814 2416 ,
1886 2332 2116 2418 reliqui
2187 2337 2316 2400 sint
2382 2335 2610 2402 nefasti
2683 2336 2790 2420 (cf.

403 2436 709 2504 Momms.
772 2437 847 2504 C.
898 2437 943 2502 I.
996 2437 1070 2503 L.
1119 2459 1182 2523 p.
1234 2436 1430 2524 369),
1480 2444 1742 2524 apparet
1795 2435 2164 2506 Caelianam
2210 2440 2497 2507 habitam
2547 2461 2681 2508 esse
2729 2441 2788 2508 d.

406 2541 467 2608 4.
535 2565 625 2610 m.
694 2543 966 2631 Aprilis,
1034 2541 1189 2610 698.
1288 2544 1442 2610 Fuit
1498 2543 1663 2611 illud
1721 2549 1976 2631 tempus
2039 2543 2328 2615 Ciceroni
2377 2550 2789 2633 occupatissi-

402 2672 581 2717 mum
609 2701 624 2728 ,
691 2672 842 2716 nam
899 2656 1150 2736 praeter
1210 2653 1559 2717 orationem
1630 2651 1708 2717 de
1770 2672 1922 2739 rege
1969 2651 2396 2719 Alexandrino
2419 2702 2435 2731 ,
2486 2674 2598 2739 pro
2647 2651 2792 2720 Cal-

406 2759 634 2843 purnio
680 2756 935 2842 Bestia,
984 2777 1095 2842 pro
1141 2755 1381 2841 Sestio,
1430 2760 1497 2822 in
1545 2756 1877 2823 Vatinium
1919 2762 2158 2823 scimus
2199 2765 2314 2823 aut
2351 2760 2610 2825 ineunte
2651 2759 2790 2834 hoc,

404 2867 517 2928 aut
577 2867 847 2927 exeunte
904 2864 1225 2948 superiore
1285 2883 1447 2930 anno
1498 2861 1639 2950 (57)
1691 2862 2018 2930 defensum
2065 2884 2104 2929 a
2149 2861 2448 2931 Cicerone
2496 2863 2786 2935 Asicium

404 2967 510 3054 (cf.
561 2968 643 3033 ad
688 2968 725 3053 ξ
772 2966 909 3056 23).

493 3070 781 3141 Crimina
799 3124 816 3159 ‚
882 3094 1045 3159 quae
1104 3075 1173 3139 iu
1236 3073 1356 3140 hac
1404 3076 1686 3141 oratione
1732 3076 2204 3165 redarguuntur
2251 3081 2418 3157 (auri
2465 3079 2705 3165 accepti
2754 3100 2792 3145 a

398 3177 624 3247 Clodia
687 3180 763 3245 ad
830 3200 1146 3247 venenum
1210 3179 1561 3265 parandum
1581 3228 1598 3258 ,
1664 3186 1928 3247 conatus
1983 3183 2186 3268 ipsius
2244 3181 2506 3250 Clodiae
2550 3205 2791 3251 veneno

397 3286 736 3373 necandae)
758 3332 775 3360 ‚
830 3306 979 3351 cum
1027 3290 1283 3371 possent
1332 3284 1633 3372 (alterum
1672 3288 1870 3351 etiam
1911 3286 2189 3372 deberet)
2236 3288 2316 3353 ad
2353 3291 2786 3374 quaestionem

397 3392 475 3458 de
522 3394 769 3458 sicariis
816 3395 880 3457 et
924 3388 1224 3459 veneficis
1270 3391 1487 3457 referri
1505 3438 1521 3469 ,
1572 3398 1788 3459 tamen
1813 3440 1830 3469 ,
1875 3394 2120 3458 ratione
2159 3393 2382 3459 habita
2416 3396 2791 3478 pulsationis

395 3497 784 3565 Puteolanas
818 3502 1029 3587 magis
1068 3518 1259 3583 quam
1310 3498 1571 3573 veneni,
1619 3519 1850 3563 nomen
1898 3495 2101 3564 Caelii
2139 3498 2216 3564 de
2255 3501 2322 3563 vi
2365 3499 2566 3565 defert
2601 3500 2792 3567 Atra-

396 3606 592 3671 tinus.
643 3603 1031 3670 Imminebat
1080 3604 1249 3669 enim
1300 3606 1469 3689 patri
1518 3604 1816 3670 Atratino
1863 3603 2066 3669 altera
2113 3624 2151 3669 a
2197 3601 2412 3671 Caelio
2450 3610 2787 3685 accusat10‚

394 3730 587 3797 quam
652 3716 934 3775 avertere
996 3712 1257 3795 cupiens
1304 3708 1476 3773 filius
1525 3708 1602 3775 de
1647 3712 1716 3775 vi
1763 3715 2016 3775 accusat
2061 3709 2204 3798 1838
2253 3709 2546 3786 Lutatia‚
2598 3718 2675 3777 ut
2719 3715 2786 3777 in

394 3822 677 3902 tempore
726 3813 983 3881 Caelius
1029 3815 1473 3899 damnaretur,
1516 3836 1629 3880 nec
1669 3817 1838 3901 patri
1877 3815 2202 3881 molestias
2233 3822 2445 3901 posset
2468 3818 2789 3885 exhibere.

390 3922 559 3989 Nam
626 3922 704 3987 de
764 3924 868 3998 vi,
937 3940 1095 4006 quae
1142 3924 1427 4007 quaestio
1476 3942 1625 3987 cum
1674 3920 1958 3987 civitatis
2005 3922 2288 4006 periculo
2335 3944 2522 4009 saepe
2568 3928 2790 3991 iuncta

390 4036 557 4109 erat,
628 4029 995 4115 postpositis
1055 4026 1201 4093 aliis
1263 4027 1519 4093 iudiciis
1537 4075 1556 4104 ‚
1615 4029 1814 4093 etiam
1864 4027 2090 4093 diebus
2133 4028 2314 4093 festis
2361 4030 2785 4098 indicabatur.

390 4133 709 4202 Similiter
768 4134 1065 4203 videmus
1120 4131 1189 4199 C.
1239 4132 1690 4219 Sempronium
1739 4132 1982 4199 Rufum
2004 4182 2021 4217 ,
2077 4139 2151 4199 ut
2197 4156 2235 4199 a
2279 4132 2375 4199 M.
2432 4134 2670 4203 Tuccio
2715 4140 2784 4203 in

389 4262 457 4307 se
523 4244 893 4307 institutam
964 4242 1429 4305 accusationem
1498 4238 2006 4326 subterfugeret,
2079 4239 2250 4305 hunc
2327 4260 2513 4305 reum
2577 4240 2654 4307 de
2714 4244 2782 4309 vi

390 4346 647 4423 fecisse,
718 4345 799 4413 ad
868 4344 1055 4412 Fam.
1119 4342 1289 4411 VIII.
1368 4343 1431 4411 8.
1512 4342 1587 4421 1,
1662 4344 1741 4409 cf.
1812 4342 2028 4411 Schol.
2091 4343 2250 4411 Bob.
2319 4366 2384 4430 p.
2447 4343 2599 4423 368,-
2665 4344 2776 4413 Or.

388 4450 637 4521 Diserte
700 4457 915 4519 autem
980 4450 1017 4535 ἓ
1071 4450 1157 4518 70
1221 4451 1376 4517 11888
1442 4453 1760 4517 accusatio
1821 4450 2120 4515 instituta
2168 4470 2304 4517 esse
2355 4450 2592 4517 dieitur
2637 4452 2782 4543 1838
