3369 5142
620 288 747 356 396
1654 308 1877 355 Pharo.

616 481 863 545 colonia
940 480 1088 544 ferri
1172 484 1420 565 poterit.
1516 481 1704 549 Nunc
1788 480 2046 565 quidem
2131 480 2285 543 satis
2370 482 2628 563 apparet
2717 480 2992 546 stultum

616 586 889 651 scribam
935 608 1135 671 quum
1184 588 1264 651 ob
1312 588 1525 653 oculos
1573 588 1842 653 haberet

1486 692 1918 768 oc*1101moun
1965 710 2144 759 cums

617 798 832 865 visum
876 819 1009 864 esse
1054 800 1178 865 sibi
1225 817 1427 865 ocimo
1480 800 1715 866 videre.
1762 799 2004 864 Deinde
2053 819 2255 863 errare
2301 819 2570 885 pergens
2604 819 2718 883 pro
2759 816 2996 874 mamm

616 904 951 969 substituit
1008 923 1243 981 nuqua
1269 955 1287 990 ,
1354 912 1419 971 et
1482 907 1573 971 sic
1620 928 1732 992 per
1777 912 1988 970 totum
2034 904 2274 971 librum
2321 910 2611 989 portenta
2654 905 2994 969 verborum

619 1009 828 1096 lepido
874 1016 1093 1096 poctae
1139 1011 1460 1089 obtrudit,
1500 1033 1659 1097 quae
1698 1015 1792 1077 ita
1831 1018 1978 1077 sunt
2017 1009 2406 1097 procuranda
2444 1016 2518 1075 ut
2540 1010 2996 1076 vocabulorum

618 1116 856 1181 formae
916 1124 1031 1181 aut
1090 1121 1376 1183 noviciae
1424 1124 1535 1182 aut
1580 1138 1658 1183 ex
1705 1126 1950 1182 remota
1995 1120 2376 1202 antiquitate
2423 1122 2704 1182 recoctae
2750 1116 2828 1181 ad
2879 1136 2992 1181 au—

621 1243 761 1287 reae
831 1226 1055 1288 aetatis
1124 1245 1309 1289 usum
1374 1230 1439 1290 et
1500 1224 2022 1291 consuetudinem
2081 1230 2472 1289 revocentur.
2537 1223 2690 1289 Fuit
2751 1226 2862 1308 qui
2925 1226 2994 1287 in

624 1328 898 1394 carmine
944 1328 1052 1395 IV.
1104 1328 1190 1396 27

1202 1438 1446 1518 qemelle
1491 1447 1692 1502 castor
1739 1444 1795 1501 et
1835 1438 2081 1518 yemelle
2123 1435 2397 1501 castoris.

624 1546 771 1629 quia
833 1544 900 1608 in
961 1542 1142 1608 libris
1196 1550 1290 1607 est
1336 1560 1633 1609 Gummi
1677 1560 1972 1609 cas‘rmm
2019 1545 2285 1609 coniecit
2331 1542 2594 1607 fortasse
2643 1544 2992 1625 antiquitus

625 1664 868 1713 cas'run
910 1650 1105 1714 fuisse
1124 1698 1139 1727 ‚
1187 1650 1353 1735 quod
1405 1672 1485 1715 ne
1531 1652 1924 1736 antiquarius
1971 1650 2230 1735 quidem
2277 1671 2390 1735 pro
2439 1668 2554 1714 suo
2598 1655 2990 1735 agnosceret,

620 1755 858 1820 nedum
920 1776 1083 1820 unus
1142 1760 1429 1821 omnium
1492 1756 1879 1822 salsissimus
1943 1760 2274 1841 poetarum
2337 1761 2402 1819 et
2470 1774 2610 1819 osor
2655 1756 2996 1820 acerrimus

624 1864 789 1926 ruris
849 1870 913 1926 et
958 1860 1398 1927 inficetiarum.

714 1968 835 2032 Est
902 1989 1124 2052 operae
1192 1970 1469 2053 pretium
1540 1968 1617 2033 de
1678 1968 1798 2033 hac
1859 1970 2036 2033 omni
2096 1988 2164 2032 re
2225 1986 2598 2053 cognoscere
2655 1986 2881 2031 sanum
2926 1986 2998 2031 ac

627 2075 908 2139 sobrium
966 2074 1277 2139 iudicium
1340 2075 1613 2141 Ernestii
1636 2122 1651 2153 ‚
1715 2095 1838 2159 quo
1886 2094 2073 2139 nemo
2119 2071 2253 2137 illis
2299 2073 2690 2158 temporibus
2737 2072 3000 2138 vivebat

622 2181 831 2267 magis
895 2180 1235 2259 φιλόκαλος
1300 2179 1659 2265 (laudatum
1709 2201 1746 2245 a
1791 2179 1993 2245 Bakio
2039 2183 2108 2243 in
2157 2180 2530 2244 Bibliotheca
2583 2178 2804 2243 Critian
2850 2200 2998 2242 nova

623 2284 735 2350 HI.
785 2306 930 2373 pag.
983 2286 1167 2363 227):
1238 2288 1425 2350 multa
1476 2294 1652 2370 sunt,
1706 2288 1951 2371 inquit,
2001 2292 2065 2349 in
2113 2286 2275 2351 MSS.
2328 2286 2564 2367 optimis
2609 2286 2681 2349 ab
2727 2284 2996 2369 miquo-

622 2392 740 2455 riie
785 2393 1057 2456 librariis
1100 2398 1331 2456 invecta
1351 2421 1371 2456 .-
1408 2398 1562 2456 sicut
1609 2394 1675 2455 in
1723 2392 1846 2455 Me.
1897 2388 2111 2458 Guelf.
2159 2414 2375 2474 semper
2415 2398 2500 2455 est
2542 2408 2688 2466 QUOI
2707 2440 2726 2467 ‚
2771 2406 2996 2466 QUOIUS

625 2506 682 2563 et
726 2499 856 2561 alia
870 2528 897 2576 ;
940 2522 1090 2584 qnae
1134 2504 1308 2562 etiam
1352 2500 1649 2562 interdwm
1693 2500 1816 2561 viri
1861 2502 2014 2563 docti
2059 2500 2390 2563 ediderunt.
2475 2498 2640 2580 Quae
2686 2503 2742 2561 si
2793 2497 2994 2560 statim

624 2611 691 2668 in
751 2613 965 2669 textum
1026 2606 1371 2691 inferentur
1389 2655 1406 2690 ‚
1471 2607 1620 2692 quid
1644 2609 1766 2689 fiet
1811 2606 2096 2670 tandem?
2143 2605 2374 2690 quibus
2423 2604 2668 2670 Bakius
2689 2655 2707 2688 ‚
2754 2609 2818 2669 et
2865 2607 2998 2688 ipse

625 2711 969 2790 φιλόκαλος
1034 2714 1088 2776 si
1152 2714 1293 2796 quis
1350 2711 1551 2788 alius,
1600 2713 1756 2778 haec
1809 2713 2182 2800 subiungit:
2231 2712 2437 2796 Neque
2484 2719 2687 2775 tamen
2737 2711 2792 2774 ie
2835 2732 2995 2787 sum,

623 2816 729 2900 qni
790 2817 1057 2898 exiquam
1117 2817 1299 2880 huius
1358 2819 1450 2881 rei
1499 2819 1559 2880 in
1618 2817 1936 2882 Cadio-ibus
1981 2819 2390 2882 vetustissimis
2434 2817 2754 2902 quibusque
2799 2827 2999 2880 ancto-

624 2927 862 2986 ritatem
924 2946 1044 2987 esse
1104 2925 1335 2988 credam
1350 2953 1371 2988 .·
1430 2925 1537 2988 aed
1590 2925 1773 2987 multo
1821 2931 1965 2988 esset
2009 2925 2198 2988 maior
2245 2925 2326 2986 iis
2372 2923 2638 2986 habenda
2667 2923 2835 3004 fides
2877 2922 3002 2985 nisi

625 3029 953 3091 innumeris
999 3033 1139 3093 locis
1184 3030 1439 3111 turpiter
1482 3030 1801 3114 inquinata
1849 3051 2044 3094 eorum
2090 3035 2382 3112 scriptura
2427 3039 2556 3092 erat
2573 3075 2589 3104 ,
2630 3036 2734 3091 aut
2771 3029 2897 3090 nisi
2934 3033 3000 3090 in

624 3139 771 3218 ipsis
836 3135 917 3197 iis
977 3157 1125 3220 qnae
1183 3136 1579 3199 obtruduntur
1641 3136 1808 3198 nobis
1869 3135 2038 3199 nullo
2101 3139 2260 3199 modo
2305 3135 2423 3197 cibi
2467 3135 2812 3198 constabant
2829 3185 2846 3218 ‚
2896 3141 3000 3197 aut

628 3246 874 3326 denique
932 3242 1054 3304 nisi
1072 3289 1087 3318 ‚
1150 3242 1206 3304 ai
1265 3243 1361 3306 vel
1404 3241 1856 3324 diliqentiseime
1899 3263 2232 3325 summaque
2276 3240 2606 3304 constantia
2653 3241 2862 3323 scr-‘spii
2905 3265 3000 3302 ea·-

627 3354 877 3424 είανεφιί,
970 3347 1142 3410 illius
1214 3358 1443 3410 tantum
1512 3349 1643 3410 aevi
1712 3348 2000 3412 rationem
2069 3347 2407 3432 modumque
2475 3347 2821 3410 exhibebant
2886 3369 2997 3430 quo

626 3453 836 3535 scripti
899 3461 1038 3516 sunt
1051 3501 1069 3530 ‚
1130 3454 1365 3517 minime
1424 3475 1553 3518 owm
1620 3454 1912 3517 Tulliana
1974 3461 2080 3516 aut
2142 3457 2444 3534 Auqmtea
2505 3460 2700 3516 aetate
2745 3453 2996 3538 confun—

629 3559 827 3621 dendi.

715 3663 1129 3729 Meminimus
1206 3665 1358 3730 haec
1435 3664 1719 3752 legentes
1789 3685 2005 3730 omnes
2067 3663 2256 3729 Bakii
2319 3662 2616 3750 discipuli
2681 3670 2744 3728 et
2805 3665 2996 3728 amici

626 3770 941 3846 Bakium,
990 3777 1064 3835 ut
1108 3768 1431 3836 Socratem
1480 3777 1545 3837 et
1591 3769 1952 3856 Scipionem
2003 3769 2444 3835 Aemilianum
2465 3819 2484 3854 ‚
2534 3768 2742 3848 εἴρωνα
2780 3770 2993 3835 fuisse.

627 3876 769 3941 Non
824 3877 1125 3962 exiguam
1172 3877 1365 3941 huius
1409 3881 1500 3941 rei
1546 3880 1613 3942 in
1660 3875 2000 3943 Codicibus
2047 3879 2507 3962 antiquissimis
2555 3879 2995 3941 auctoritatem

626 4003 761 4048 esse
828 3981 1115 4047 concedit
1175 3981 1283 4046 sed
1347 4003 1459 4047 cur
1517 3985 1596 4047 iis
1659 3981 1822 4046 nihil
1886 3984 1970 4046 sit
2029 3983 2412 4048 credendum
2473 3981 2830 4048 luculenter
2888 3982 2993 4047 de·

626 4094 959 4154 monstrat.

713 4194 897 4262 Nihil
956 4194 1184 4260 addam
1244 4199 1493 4279 praeter
1552 4195 1766 4259 locum
1827 4194 2068 4280 Servii,
2115 4196 2477 4281 (laudatum
2525 4217 2563 4260 a
2609 4196 2881 4262 Rinckio
2927 4199 2995 4260 in

620 4301 875 4387 Proleg.
936 4300 1013 4365 ad
1074 4299 1433 4365 Aemilium
1490 4299 1773 4365 Probum
1825 4322 1969 4389 pag.
2022 4301 2373 4388 XXXVII)
2423 4303 2502 4367 ad
2555 4301 2788 4389 virgil.
2842 4307 2989 4365 Aen.

619 4405 671 4469 Ι.
723 4405 877 4470 616.
