3369 5142
1402 354 1825 412 mnuofmnsss.
2716 336 2797 412 ’71

422 550 554 597 esse
624 533 922 597 existimo
989 532 1329 619 (expuncto
1400 529 1590 618 ὅμως)
1659 533 1955 615 φαίνεται
2028 535 2089 599 δὲ
2161 534 2263 598 καὶ
2338 530 2416 607 ὦς
2465 531 2797 613 ἐνδεεςέρα.

512 740 804 829 Thucyd.
867 743 916 808 Ῑ.
987 741 1090 807 12.
1156 742 1259 806 καὶ
1325 742 1577 817 στάσεις
1645 744 1708 807 ἐν
1751 753 1893 817 ταῖς
1944 745 2194 811 πόλεσιν
2242 746 2318 817 ὦς
2369 744 2468 809 ἐπὶ
2518 745 2585 810 τὸ
2636 743 2797 809 πολὺ

423 846 776 931 ἐγίγνοντο,
834 850 956 929 ἀφ’
1019 845 1094 913 ὧν
1142 850 1542 922 ἐκπίπτοντες
1593 850 1710 922 τὰς
1761 850 1966 923 πόλεις
2018 850 2269 933 ἔκτιζον.
2363 850 2511 916 Sine
2558 855 2802 916 contro-

420 956 628 1019 versia
691 950 767 1019 ὦν
824 954 904 1020 ad
964 952 1178 1026 τάσεις
1242 959 1338 1020 est
1383 955 1812 1035 referendum,
1865 956 1974 1022 sed
2020 960 2171 1042 quia
2218 962 2283 1023 et
2328 962 2555 1022 natura
2599 958 2689 1021 rei
2736 962 2802 1020 et

419 1058 668 1125 dicendi
732 1082 886 1126 usus
947 1060 1273 1148 postulant
1321 1062 1668 1139 ἐκπίπτων,
1718 1063 2123 1135 ἑκπεπτωκὼς
2175 1063 2288 1128 ὑπὸ
2336 1061 2573 1136 τάσεως
2620 1063 2802 1129 resti-

419 1165 730 1230 tuendum
796 1172 892 1232 est
955 1169 1104 1249 ’Ὑφ’
1152 1162 1247 1231 ὧν.
1341 1166 1514 1242 Quid
1572 1166 1774 1233 lateat
1820 1170 1887 1233 in
1935 1178 2105 1233 TAc
2155 1168 2362 1241 πόλεις
2411 1166 2640 1250 ἔκτιζον
2687 1168 2801 1233 diu

417 1270 653 1338 frustra
712 1275 1031 1358 quaesivi:
1097 1294 1300 1358 neque
1361 1274 1535 1339 enim
1601 1272 2015 1340 Herwerdeni
2076 1276 2355 1362 suspicio
2417 1276 2531 1347 τὰς
2585 1271 2796 1345 ἄλλας

419 1378 629 1453 πόλεις
681 1380 1020 1458 satisfacit,
1069 1400 1271 1464 neque
1317 1378 1643 1467 Madvigii
1688 1379 1827 1453 νέας
1876 1380 2085 1454 πόλεις
2132 1383 2513 1468 reponentis.

511 1482 990 1571 comparandus
1051 1490 1148 1551 est
1206 1484 1383 1551 locus
1444 1483 1494 1548 Ῑ.
1557 1488 1620 1551 2.
1683 1484 1973 1565 δυνάμεις
2039 1488 2161 1552 τισὶ
2212 1484 2454 1566 μείζους
2503 1484 2801 1563 ἕγγιγνό·

418 1614 601 1669 μεναι
650 1590 862 1665 edem
913 1592 1246 1675 ἕνεποίουν,
1297 1588 1366 1667 ἐξ
1410 1586 1484 1655 ὧν
1533 1591 1901 1675 ἐφθείροντο.

509 1834 802 1921 Thucyd.
864 1835 915 1900 Ῑ.
983 1835 1088 1899 14.
1153 1833 1450 1916 Φαίνεται
1502 1834 1564 1899 δὲ
1611 1836 1718 1899 καὶ
1766 1840 1979 1900 ταῦτα
2026 1836 2140 1923 (τὰ
2189 1838 2481 1921 ναυτικοὶ)
2532 1844 2803 1907 πολλαῖς

419 1948 664 2018 γενεαῖς
731 1936 917 2020 ὕςερα
981 1939 1284 2019 γενόμενα
1349 1946 1466 2005 τῶν
1513 1948 1795 2020 Τρωικῶν
1841 1943 2102 2021 τριήρεσι
2150 1947 2267 2019 μὲν
2312 1944 2599 2021 ὀλίγΑῙΟ
2644 1943 2801 2026 χρώ-

418 2070 620 2123 μενα,
671 2044 1154 2127 πεντηκοντόροις
1203 2047 1255 2111 δ’
1305 2043 1394 2111 ἔτι
1443 2046 1547 2111 καὶ
1599 2047 1831 2118 πλοίοις
1880 2055 2137 2127 μακροῖς
2185 2046 2583 2128 ἐξηρτυμένα.
2679 2046 2799 2113 Su-

417 2154 624 2237 spicor
670 2151 1116 2238 Thucydidem
1163 2154 1486 2237 scripsisse
1531 2152 1735 2230 ὀλίγΑ
1775 2154 2064 2233 χρώμενα
2085 2202 2101 2233 ,
2140 2175 2415 2239 namque
2454 2158 2548 2220 ita
2571 2152 2801 2222 Graeci

416 2260 486 2323 in
523 2257 642 2324 tali
679 2280 746 2324 re
789 2258 1208 2343 loquebantur
1246 2259 1484 2335 πολλοὶ,
1529 2258 1764 2335 πλείω,
1806 2259 1998 2337 ὀλίγα
2024 2262 2311 2339 χρῆσθαι.
2338 2258 2707 2347 Thucyd.1.
2736 2258 2799 2325 3.

420 2364 708 2447 θαλάσση
771 2365 882 2441 ἤδη
947 2365 1198 2430 πλείω
1267 2366 1590 2445 χρώμενοι.
1686 2365 2041 2451 Xenophon
2102 2366 2347 2431 Helkn.
2411 2365 2515 2431 VI.
2567 2364 2633 2431 2.
2683 2364 2795 2432 27.

415 2478 542 2544 τοῖς
612 2472 892 2544 ἀκατίοις
957 2471 1210 2549 ὀλίγα
1281 2472 1530 2551 ἐχρῆτο.
1631 2470 1907 2536 Librarii
1978 2474 2314 2556 antiquum
2383 2472 2674 2538 obtinent
2732 2478 2799 2536 et

413 2579 604 2656 ὀλίγα
651 2578 730 2644 ad
779 2578 1152 2664 praecedens
1197 2579 1490 2658 τριήρεσιν
1540 2578 2119 2643 accommodarunt.

505 2684 911 2772 Thucydides
969 2704 1094 2749 non
1156 2685 1352 2749 dixit:
1415 2685 1750 2748 triremibus
1810 2683 1877 2748 in
1933 2685 2121 2748 classe
2176 2686 2397 2768 paucis
2440 2684 2761 2748 utebantur
2776 2729 2795 2761 ,

414 2791 523 2858 sed
589 2814 727 2856 raro
795 2792 1140 2856 utebantur
1157 2838 1174 2866 ‚
1246 2795 1489 2872 est-{qum
1557 2797 1688 2855 erat
1754 2795 1819 2854 in
1884 2791 2165 2854 classibus
2234 2790 2561 2854 triremium
2631 2812 2795 2854 um.

411 2897 632 2983 Itaque
680 2897 869 2975 ὀλίγα
921 2896 1219 2981 ἐχρῶντο,
1265 2916 1391 2961 11011
1437 2896 1706 2974 ὀλίγαις.
1756 2895 1863 2962 Sic
1915 2896 2196 2976 ἕλαχιςα
2243 2899 2507 2975 χρῆσθαι
2553 2894 2796 2982 legitur

411 2999 493 3068 Π.
559 3002 660 3068 11.
731 3000 781 3067 οἱ
839 3001 1121 3081 λογισμῷ
1171 2999 1454 3081 ἐλάχιςα
1501 3003 1801 3082 χρώμενοι
1851 3003 2015 3082 θυμῷ
2066 3009 2301 3070 πλεῒςα
2351 3003 2411 3074 ἐς
2459 3001 2631 3081 ἔργον
2680 3025 2795 3066 κα-

415 3109 719 3177 θίστανται.
793 3112 858 3173 et
926 3105 998 3170 V.
1081 3104 1228 3171 105.
1301 3105 1775 3185 Λακεδαιμόνιοι
1838 3107 1984 3187 πρὸς
2050 3111 2223 3190 σφᾶς
2284 3107 2509 3180 αὐτοὺς
2557 3107 2661 3173 καὶ
2711 3107 2797 3172 τὰ

414 3217 718 3298 ἐπιχώρια
765 3214 1000 3293 νόμιμα
1047 3221 1285 3281 πλεῖς-α
1333 3214 1519 3296 αρετῇ
1567 3219 1857 3292 χρῶνται.

503 3457 793 3546 Thucyd.
843 3457 900 3524 I.
956 3456 1064 3522 15.
1121 3455 1307 3538 ἰσχὺν
1355 3455 1416 3521 δὲ
1467 3456 1971 3536 περιεποιήσαντο
2019 3451 2181 3533 ὅμως
2230 3456 2337 3522 οὐκ
2384 3455 2692 3536 ἐλαχίστην
2738 3455 2793 3520 οί

412 3564 880 3645 πρΟΟΟχόντες
965 3565 1176 3635 αὐτοῖς
1257 3561 1600 3644 χρημάτων
1669 3585 1739 3626 τε
1813 3562 2079 3642 προσόδῳ
2147 3563 2251 3628 καὶ
2320 3561 2530 3628 ἄλλων
2599 3564 2789 3646 α’ρχῇ.

409 3671 864 3738 Valckenarius
907 3671 976 3736 in
1017 3671 1530 3736 annotationibus
1576 3669 1735 3734 Mes.
1782 3670 2122 3754 reponebat
2167 3667 2562 3752 προῦχοντες.

500 3913 790 4002 Thucyd.
863 3911 919 3978 I.
986 3911 1068 3982 17
1141 3911 1424 3992 ἐπράχθη
1490 3934 1560 3976 τε
1627 3909 1731 3976 ὑπ’
1796 3911 1995 3975 αὐτῶν
2064 3913 2208 3990 (τῶν
2252 3909 2575 3998 τυράννων)
2622 3911 2791 3977 οὐδὲν

411 4019 586 4102 ἔργον
653 4017 997 4097 ἀξιόλογον.
1051 4055 1132 4066 -
1184 4019 1234 4083 οἱ
1307 4018 1432 4096 γὰρ
1507 4017 1567 4081 ἔν
1641 4018 1901 4098 Σικελίᾳ
1977 4015 2076 4081 ἐπὶ
2150 4025 2401 4086 πλεῖς-ον
2473 4019 2792 4100 ἐχώρησαν

410 4127 743 4204 δυνάμεως.
837 4123 1088 4190 Ultima
1147 4125 1373 4189 verba:
1423 4125 1472 4187 οἱ
1521 4122 1646 4202 γὰρ
1699 4161 1782 4172 -
1831 4123 2141 4200 δυνάμεως
2190 4122 2576 4189 Hei-werden
2622 4144 2797 4209 prae-

411 4239 600 4300 eunte
659 4233 953 4317 Kriigero
1014 4233 1344 4316 expunxit.
1443 4229 1605 4295 Sunt
1651 4249 1801 4294 sane
1848 4232 1937 4294 sic
1984 4231 2219 4314 scripta
2264 4228 2611 4295 admodum
2658 4249 2798 4294 mo·

413 4337 578 4404 lesta
623 4345 686 4405 et
728 4339 825 4404 nil
867 4339 1114 4405 faciunt
1159 4336 1240 4402 ad
1284 4355 1442 4401 rem.
1539 4335 1627 4400 At
1672 4341 1747 4399 tu
1792 4335 2096 4402 emenda:
2146 4342 2398 4400 ΜΟΝοι
2436 4333 2562 4413 γὰρ
2604 4344 2691 4399 01
2732 4335 2794 4398 ἐν

419 4445 680 4529 Σικελίᾳ
727 4444 995 4526 τύραννοι
1046 4443 1176 4508 κτὲ.
1232 4442 1606 4524 ayo-anniam
1651 4441 1719 4504 in
1770 4441 2050 4518 Graecia,
2104 4442 2332 4528 inquit,
2382 4447 2583 4506 tenuec
2620 4452 2794 4510 erant
