3369 5142
432 240 447 271 ⁸
1366 300 1791 349 rnucrnmu.
2643 282 2776 349 295

402 472 585 537 πλέον
664 474 826 561 [καὶ]
900 472 1025 537 απὸ
1096 482 1205 546 τῆς
1278 473 1589 545 Βοιωτίας.
1681 473 2028 559 Aliquanto
2096 474 2330 540 melius
2400 476 2606 541 aberit
2668 496 2777 541 vo-

400 580 545 645 cula
590 580 717 643 καί.

489 685 717 751 Paullo
778 688 1041 773 gravius
1102 692 1432 770 peccatum
1482 692 1577 751 est
1621 686 1860 751 ibidem
1907 689 1945 771 ἓ
1997 684 2036 750 3
2084 708 2242 773 sqq„
2290 687 2405 751 ubi
2451 690 2773 774 corrigen-

400 792 591 856 dum:
640 794 692 856 οἱ
742 792 794 855 δ’
842 794 900 855 ἐν
948 794 1381 873 Πελοποννήσῳ
1429 792 1775 859 οξπέςελλον
1823 793 1955 871 περὶ
2005 794 2106 856 τὸν
2153 793 2340 856 αὑτὸν
2378 792 2590 872 χρόνον
2631 802 2774 866 ταῖς

400 898 618 962 ὁλκάσι
680 898 1075 963 τοσούσδε
1139 900 1276 983 (pro
1335 899 1550 983 τοὺς)
1600 900 1866 971 ὁπλίτας
1918 900 1976 970 ἐς
2023 902 2130 973 τὴν
2182 900 2516 983 Σικελίαν,
2568 898 2775 965 deleto

398 1006 467 1067 in
510 1006 918 1089 sequentibus
964 1009 1188 1089 quater
1232 1004 1493 1075 ὃπλίτας
1543 1012 1607 1069 et
1652 1005 1852 1070 semel
1897 1006 1932 1089 ξ
1977 1006 2016 1069 5
2065 1008 2114 1070 οἱ
2164 1007 2440 1070 ὁπλῖται.

492 1108 648 1195 Cap.
697 1110 805 1194 20,
862 1114 917 1175 1.
969 1110 1076 1177 Ἐν
1122 1111 1182 1175 δὲ
1230 1110 1425 1193 τούτῳ
1473 1112 1575 1175 καὶ
1626 1112 1676 1175 οἱ
1725 1108 2042 1185 Ἀθηναῖοι
2092 1109 2237 1187 ἅμα
2279 1118 2387 1187 τῆς
2433 1114 2772 1185 Δεκελείας

399 1218 483 1295 τῷ
542 1219 851 1297 τειχισμῷ
932 1216 1062 1303 [καὶ
1136 1222 1243 1279 τοῦ
1316 1211 1442 1297 ἦρος
1516 1214 1707 1289 εὐθὺς
1778 1217 2178 1303 ἀρχομένου]
2273 1217 2480 1283 Verba
2525 1220 2780 1283 uncinis

400 1327 617 1409 saepta
662 1323 1040 1409 interpolata
1084 1332 1235 1388 sunt
1280 1344 1358 1388 ex
1403 1344 1539 1409 cap.
1596 1322 1700 1402 19,
1755 1324 1814 1387 1.
1910 1324 2136 1390 Simile
2185 1324 2503 1390 emblema
2537 1324 2779 1412 legitur

400 1450 539 1514 cap.
602 1428 715 1501 21,
771 1430 803 1493 1
886 1430 1002 1493 ὑπὸ
1062 1431 1201 1501 τοὺς
1250 1430 1473 1501 αὐτοὺς
1520 1430 1770 1510 χρόνους
1822 1431 2068 1513 [τούτου
2115 1435 2220 1495 τοῦ
2270 1428 2468 1515 ἦρος],
2513 1430 2625 1494 ubi
2674 1429 2777 1495 vel

396 1556 551 1600 usus
610 1539 862 1601 numeri
919 1535 1185 1623 pluralis
1248 1536 1547 1623 (χρόνους)
1607 1538 1981 1623 genetivum
2050 1538 2178 1623 (τοῦ
2241 1532 2395 1622 ἦρος)
2445 1536 2776 1601 excludere

396 1642 665 1707 videtur.

488 1744 641 1831 Gap.
708 1748 818 1820 25,
892 1751 948 1811 1.
1012 1746 1216 1833 (ναῦς)
1278 1748 1567 1826 πρέσβεις
1633 1747 1918 1825 ἄγουσα,
1982 1746 2018 1813 ὅ
2028 1773 2184 1821 πως
2247 1748 2330 1813 τα’
2378 1772 2450 1811 τε
2497 1746 2774 1827 σφέτερα

397 1860 453 1933 φ
469 1853 823 1932 ροὶσωσιν
886 1849 976 1917 ὅτι
1042 1854 1101 1916 ἐν
1164 1853 1403 1917 ἐλπίσιν
1464 1854 1576 1917 εἶσὶ
1625 1854 1732 1918 καὶ
1783 1854 1853 1917 τὸ
1902 1855 2034 1919 ἐκεῖ
2073 1854 2342 1931 πόλεμον
2392 1852 2479 1919 ἔτι
2527 1860 2774 1931 μᾶλλον

398 1960 889 2037 ἐποτρύνωσι
974 1960 1323 2036 γίγνεσθαι.
1431 1958 1529 2024 Ita
1609 1962 1946 2025 novissimi
2027 1962 2298 2026 editores
2365 1960 2672 2025 dederunt
2739 1981 2772 2025 e

401 2066 614 2131 codice
661 2064 999 2141 Vatican0,
1051 2086 1251 2150 quum
1298 2064 1528 2151 reliqui
1579 2064 1776 2131 Codd.
1817 2069 2173 2151 conspirent
2209 2069 2277 2131 in
2313 2066 2570 2149 οἵπερ,
2611 2066 2776 2150 quod

400 2172 520 2237 hac
568 2172 635 2234 in
680 2192 747 2236 re
794 2170 1120 2254 aliquanto
1166 2174 1469 2235 usitatius
1515 2177 1630 2246 est,
1670 2172 1860 2236 modo
1901 2172 2096 2237 simul
2135 2176 2532 2259 corrigamus
2574 2172 2775 2252 φροί-

400 2300 681 2341 σουσιν
742 2284 807 2342 et
870 2278 1487 2361 ἐποτρυνοῦσιν,
1535 2277 2079 2361 quemadmodum
2126 2279 2337 2343 iudice
2387 2278 2624 2344 Cobeto
2672 2277 2778 2345 vel

400 2405 766 2471 praegresso
813 2380 971 2453 ὅπως
1020 2384 1461 2471 corrigendum
1510 2383 1692 2449 foret.
1785 2384 1956 2471 Ego,
2008 2384 2162 2449 licet
2209 2385 2393 2450 facile
2441 2385 2777 2450 concedam

400 2512 541 2557 eam
589 2498 973 2556 structuram
1020 2492 1185 2576 apud
1236 2496 1481 2555 veteres
1528 2491 1766 2555 Aoristi
1805 2490 1834 2554 I
1872 2493 2017 2555 Act.
2058 2497 2122 2555 et
2161 2490 2330 2557 Med.
2373 2494 2778 2557 coniunctivo

400 2619 533 2663 esse
599 2596 809 2662 multo
868 2600 1357 2682 frequentiorem
1421 2603 1485 2662 et
1548 2597 1892 2662 admodum
1951 2598 2260 2682 proclives
2307 2619 2438 2664 esse
2485 2598 2778 2663 librarios

402 2704 481 2768 ad
527 2703 687 2768 hanc
732 2723 845 2787 pro
890 2702 1005 2768 illa
1052 2704 1558 2769 substituendam
1581 2751 1597 2780 ‚
1646 2711 1860 2767 tamen
1907 2706 2248 2788 quominus
2291 2703 2603 2770 soloecam
2643 2725 2776 2769 esse

402 2809 651 2874 credam
713 2808 1049 2892 prohibeor
1110 2829 1255 2873 cum
1307 2830 1379 2873 eo
1428 2809 1594 2892 quod
1641 2807 1801 2880 ὅπως
1851 2807 2036 2874 finale
2083 2809 2591 2893 frequentissime
2634 2811 2777 2874 iun-

399 2918 579 3004 gitur
648 2934 795 2978 cum
866 2915 1124 2978 Aoristo
1184 2913 1217 2978 1
1276 2917 1528 2998 passivo
1594 2922 1657 2979 et
1721 2937 1866 2980 cum
1932 2917 2184 2980 Aoristo
2230 2913 2292 2980 11
2339 2918 2584 2992 activo,
2633 2920 2776 2980 tum

396 3023 771 3106 praesertim
828 3021 1217 3084 indubitabili
1258 3026 1439 3082 bonae
1486 3021 1704 3084 aetatis
1751 3022 2110 3084 testimonio:
2157 3021 2422 3087 titulum
2479 3019 2774 3090 Atticum

397 3128 579 3198 volo,
652 3129 763 3212 qui
832 3131 1124 3192 exaratus
1191 3147 1309 3190 sec.
1386 3124 1471 3190 IV
1538 3126 1736 3190 ferme
1805 3126 2018 3192 medio
2086 3131 2398 3210 reperit-ur
2457 3131 2526 3192 in
2587 3126 2771 3213 Oorp.

396 3234 590 3300 Inscr.
656 3235 797 3299 Att.
862 3232 923 3298 Il
992 3232 1117 3296 115
1183 3239 1371 3310 extr„
1434 3233 1547 3298 ubi
1605 3233 1849 3319 legitur
1896 3235 2324 3308 ἐπιμελεῖσθαι
2371 3237 2432 3298 δὲ
2483 3235 2587 3298 καὶ
2636 3235 2775 3306 τοὺς

399 3340 783 3424 ςρατηγούς,
846 3337 1005 3411 ὅπως
1072 3339 1401 3416 Ἀρύββας
1470 3339 1571 3402 καὶ
1636 3336 1686 3400 οἱ
1739 3337 1970 3408 παῖδες
2019 3341 2208 3402 αὐτοῦ
2267 3338 2772 3425 [κομί]σωνται

398 3449 507 3518 τῆν
580 3448 779 3524 ἀρχὴν
850 3449 957 3520 τὴν
1034 3443 1400 3530 [πατρῴ]αν.
1474 3443 1619 3508 Vid.
1682 3443 1942 3508 libellus
2000 3465 2182 3508 meus
2246 3447 2356 3528 qui
2406 3447 2776 3511 inscribitur

398 3553 694 3635 lapidum
740 3553 813 3614 de
859 3553 1111 3615 dialecto
1159 3552 1361 3616 Attica
1408 3550 1772 3632 testimonia,
1820 3569 1966 3638 pag.
2023 3547 2128 3616 74.

488 3657 667 3722 Licet
727 3659 932 3743 igitur
992 3658 1183 3742 probe
1238 3660 1435 3722 sciam
1498 3677 1690 3741 quam
1739 3655 2022 3721 sublesta
2067 3659 2150 3720 sit
2197 3657 2488 3722 codicum
2542 3659 2606 3721 in
2655 3658 2774 3724 hoc

397 3765 765 3848 praesertim
815 3782 1045 3848 genere
1091 3761 1279 3845 fides,
1323 3765 1390 3827 in
1443 3763 1681 3828 edendo
1728 3761 2104 3849 Thucydide
2151 3763 2311 3828 hanc
2361 3764 2560 3848 mihi,
2608 3765 2776 3849 quod

399 3869 727 3932 meliorem
777 3867 1101 3940 desidero,
1152 3871 1346 3933 statui
1396 3867 1607 3956 legem
1657 3875 1766 3951 ut,
1815 3869 1926 3932 ubi
1973 3889 2192 3934 omnes
2241 3869 2390 3935 libri
2434 3872 2501 3934 in
2547 3874 2694 3936 Aor.
2744 3870 2774 3935 I

398 3975 785 4039 coniunctivi
850 3975 1311 4056 conspirarent,
1372 3995 1521 4040 eum
1570 3976 1904 4038 retinerem
1929 4023 1944 4050 ‚
1991 3977 2097 4040 sed
2143 3975 2464 4041 Futurum
2511 3997 2768 4062 repone-

397 4101 569 4157 rem,
618 4081 1005 4162 ubicumque
1049 4081 1115 4142 in
1164 4099 1289 4145 uno
1335 4079 1706 4163 pluribusve
1752 4088 2096 4164 appareret.

490 4183 643 4270 Cap.
708 4183 817 4262 27,
879 4185 943 4248 4.
997 4185 1136 4248 τότε
1185 4185 1246 4249 δὲ
1296 4183 1563 4266 ξυνεχῶς
1614 4184 2122 4270 ἐπικαθημένων,
2174 4189 2276 4252 καὶ
2322 4189 2456 4253 ὁτὲ
2502 4192 2615 4266 μὲν
2663 4193 2766 4255 καὶ

401 4291 685 4356 πλειόνων
746 4289 1069 4374 ἐπιόντων,
1132 4292 1263 4354 ὁτὲ
1325 4291 1379 4354 δ’
1430 4289 1497 4365 ἐξ
1541 4289 1827 4369 ἀνάγκης
1874 4299 1984 4366 τῆς
2035 4293 2209 4368 ἴσης
2257 4298 2521 4374 Φρουρᾶς
2569 4320 2768 4361 κατα-

401 4397 641 4470 Orodem,-
713 4397 841 4482 [τε]
916 4399 1023 4472 τὴν
1097 4397 1305 4478 χώραν
1375 4396 1511 4482 [καὶ
1562 4398 1816 4478 λῃςείας
1867 4399 2254 4478 ποιουμένης,
2301 4400 2616 4477 βασιλέως
2665 4405 2766 4492 τε]
