3369 5142
29 126 307 305 s

683 304 814 373 252
1689 322 2066 372 mmmmm

683 496 814 562 οὐδὲ
878 498 1183 561 Γαλατῶν
1228 495 1349 561 οὐδ’
1396 494 1758 573 Αἰγυπτίων
1803 495 1953 561 άλλ·
2002 496 2258 561 αὐτῶν
2307 498 2700 574 Ῥωμαίων
2745 506 3056 580 τυραννεῖν

680 606 1025 687 ἐπεχείρει,
1094 603 1205 670 sed
1271 602 1480 669 multo
1544 603 1692 690 plus
1752 604 2046 690 ponderis
2104 606 2269 669 inest
2326 606 2396 669 in
2442 606 2635 669 αὐτο
2653 606 3052 685 ρωμαίων,

680 714 844 798 quod
893 712 1047 799 quid
1093 714 1178 777 sit
1222 716 1516 799 apparet,
1562 709 1671 776 sed
1721 730 2066 797 pronomen
2112 712 2311 777 αὐτῶν
2357 713 2520 779 mire
2574 712 2876 778 abundat.
2949 710 3055 779 Sic

677 822 884 909 igitur
950 817 1315 886 adulescens
1382 817 1495 883 ifle
1563 817 1733 903 apud
1799 816 2168 905 Ephippum
2238 819 2362 884 sibi
2429 818 2770 885 videbatur
2837 841 3054 887 merus

677 925 895 993 Plato:
961 925 1391 992 αὖτοπλάτων.
1488 922 1657 989 Satis
1703 930 1950 991 certum
1993 925 2114 990 hoc
2162 945 2294 991 esse
2337 924 2626 1003 videtum
2673 928 2742 992 in
2789 925 3053 1012 reliquis

678 1033 985 1121 quaedam
1049 1032 1329 1100 nondum
1399 1035 1732 1117 persanata
1800 1036 1986 1115 sunt,
2055 1052 2094 1098 a
2160 1032 2393 1118 quihus
2451 1052 2680 1098 manus
2739 1033 3054 1100 abstinere

674 1144 982 1228 praestat:
1036 1139 1192 1206 felix
1238 1158 1429 1225 quem
1474 1138 1722 1203 faciunt
1766 1129 1974 1205 aliena
2019 1138 2494 1219 ἀποτεύγματα
2545 1144 2824 1205 cautum.

764 1350 1071 1418 Anaxilae
1114 1350 1293 1417 locus
1338 1369 1434 1434 ap.
1487 1346 1628 1414 ΜΚ.
1677 1369 1744 1434 p.
1792 1344 1925 1413 350
1973 1350 2063 1415 ita
2109 1349 2498 1435 supplendus
2545 1354 2677 1417 est:

1034 1457 1143 1522 ἐὰν
1192 1455 1257 1521 δέ
1301 1480 1397 1529 τις
1444 1452 1667 1536 μέτρια
1714 1455 1994 1535 λέγουσα
2041 1456 2506 1545 (πολλάκις)

1030 1570 1158 1636 τοῖς
1206 1560 1504 1639 δεομένοις
1553 1568 1724 1627 τινῶν
1775 1562 2046 1643 ὕπουργξ
2091 1564 2234 1643 πρὸς
2284 1562 2509 1650 χάριν,
2558 1565 2687 1630 xri.

673 1670 978 1739 Eiusdem
1024 1669 1335 1737 Anaxilae
1380 1669 1816 1759 fragmentum
1866 1670 2228 1735 Athenaeus
2271 1668 2467 1735 habet
2509 1666 2623 1735 VI.
2672 1691 2735 1758 p.
2787 1669 2921 1735 254
2965 1668 3048 1737 G:

1025 1778 1077 1842 οἱ
1124 1776 1383 1849 κόλακές
1432 1777 1548 1841 εἶσι
1596 1782 1713 1841 τῶν
1761 1773 2027 1856 ἐχόντων
2077 1774 2286 1848 οὐσίας

1033 1888 1364 1959 σκώληκες.
1414 1884 1500 1954 εἷς
1546 1878 1642 1949 οὖν
1689 1880 1922 1949 ἄκακον
1967 1880 2286 1963 άνθρῶπου
2333 1883 2548 1965 τρόπον

1041 1988 1239 2063 εἰσδὺς
1290 1987 1510 2064 ἕκαςος
1559 1987 1750 2055 ἐσθίει
1802 1991 2176 2068 καθήμενος,

1040 2094 1147 2171 ἕως
1194 2096 1271 2163 ἂν
1314 2093 1513 2176 ὥσπερ
1560 2096 1804 2174 πυρὸν
1850 2095 2144 2179 άποδείξη
2190 2092 2376 2161 κενόν.

1036 2200 1241 2269 ἔπειθ’
1289 2205 1316 2269 3
1362 2202 1477 2281 μὲν
1524 2203 1723 2280 λέμμ’
1770 2202 1936 2289 ε’ςίν,
1983 2204 2010 2268 3
2056 2202 2109 2268 δ’
2156 2198 2352 2283 ἕτερον
2401 2200 2628 2268 δάκνει.

675 2314 868 2394 Πυρὸν
912 2330 1039 2378 non
1084 2330 1342 2396 ‘prorsus
1387 2306 1686 2397 intelligo
1732 2314 1797 2375 et
1840 2308 2012 2375 malo
2057 2307 2249 2388 τυρόν.

941 2418 1143 2485 Notre
1189 2418 1417 2483 ermite
1462 2436 1753 2482 nouveau
1799 2416 2129 2483 subsistait
2173 2415 2240 2481 la
2287 2415 2540 2483 dedans.

1036 2522 1098 2591 Il
1146 2522 1216 2590 fit
1260 2528 1439 2603 tant,
1485 2524 1562 2589 de
1608 2522 1788 2610 pieds
1835 2528 1902 2590 et
1946 2524 2024 2590 de
2071 2522 2284 2609 dents,

945 2632 1148 2714 Qu’en
1193 2651 1316 2716 peu
1365 2629 1441 2696 de
1480 2632 1659 2716 jours
1705 2629 1756 2694 il
1803 2634 1911 2696 eut
1958 2651 2039 2696 au
2083 2631 2234 2697 fond
2280 2630 2357 2697 de
2402 2629 2804 2722 l’hermitage

937 2737 1028 2805 Le
1074 2741 1256 2804 vivre
1302 2742 1367 2802 et
1410 2735 1473 2802 le
1520 2742 1812 2802 convert:
1863 2757 1984 2824 que
2031 2735 2250 2802 faut-il
2297 2734 2696 2827 devant-age?

670 2846 851 2929 Quod
902 2849 1041 2933 jam
1104 2845 1433 2911 observavi
1484 2845 1549 2907 in
1612 2841 1857 2908 Mnem.
1915 2841 2066 2908 XVI
2113 2865 2174 2929 p.
2224 2843 2379 2922 210,
2429 2866 2682 2930 prorsus
2725 2845 2898 2912 idem
2947 2848 3043 2914 vi-

666 2957 837 3020 tium
882 2951 1107 3017 itidem
1156 2953 1483 3016 invenitur
1527 2950 1696 3035 apud
1735 2949 2154 3016 Plutarchum
2193 2953 2261 3015 in
2296 2951 2652 3019 Moralibus
2687 2974 2750 3037 p.
2799 2951 2930 3017 503
2953 2953 3048 3019 D:

668 3059 867 3138 ὥσπερ
930 3057 957 3124 3
1016 3056 1251 3136 πυρὸς
1303 3057 1386 3126 εἷς
1431 3057 1695 3134 α’γγεῖον
1747 3054 2230 3128 κατακλεισθεὶς
2281 3061 2362 3138 τῷ
2413 3061 2528 3134 μὲν
2573 3061 2774 3138 μέτρῳ
2824 3060 3048 3126 πλείων

669 3166 1043 3246 εὑρίσκεται,
1108 3172 1184 3242 τῇ
1250 3161 1310 3227 δὲ
1366 3163 1553 3244 χρείᾳ
1613 3160 2091 3247 μοχθηρότερος,
2142 3164 2256 3229 ubi
2304 3165 2528 3230 eodem
2579 3165 2766 3232 modo
2812 3167 3044 3246 τυρός

672 3275 931 3340 correxi.
979 3269 1215 3337 Caseus
1260 3271 1329 3334 in
1377 3289 1489 3336 vas
1536 3268 1819 3335 inclusus
1865 3272 2239 3335 intumescit
2285 3275 2350 3336 et
2395 3273 2624 3359 incipit
2669 3279 3045 3358 putrescere.

755 3481 989 3550 Nostra
1032 3481 1508 3565 nobismetipsis
1554 3476 1827 3545 mirifice
1875 3477 2121 3565 placere
2166 3479 2372 3545 solent
2412 3485 2477 3546 et
2515 3479 2786 3549 aliorum
2804 3483 3047 3569 judicio

664 3587 810 3676 plus
880 3609 1072 3674 quam
1143 3591 1357 3652 nostro
1417 3585 1826 3650 tribuendum
1893 3591 2021 3662 est3
2087 3587 2242 3650 satis
2301 3593 2548 3652 certum
2611 3593 2825 3656 tamen
2879 3592 3046 3656 mihi

662 3717 795 3762 esse
840 3694 1123 3769 videtur,
1178 3692 1333 3778 quid
1379 3689 1852 3756 rescribendum
1899 3693 1982 3754 sit
2028 3693 2096 3755 in
2134 3692 2608 3778 Aristophontis
2651 3694 2810 3774 1000,
2852 3717 3042 3782 quem

666 3801 1031 3868 Athenaeus
1076 3799 1356 3863 servavit
1400 3795 1518 3862 VI.
1567 3818 1631 3881 p.
1680 3793 1813 3863 238
1861 3793 1949 3862 C:

1030 3906 1173 3984 πρὸς
1223 3904 1336 3980 μὲν
1382 3903 1451 3968 τὸ
1500 3910 1708 3977 πεινῆν
1757 3899 1985 3968 ἐσθίειν
2030 3926 2098 3967 τε
2147 3903 2302 3979 μηδὲ
2357 3901 2417 3969 ἕν

1022 4009 1221 4094 νόμιζ’
1270 4011 1410 4090 ὅράν
1457 4005 1876 4084 Τιθύμαλλον
1923 4009 1958 4086 ἢ
2011 4010 2422 4090 Φιλιππίδην,

1026 4115 1171 4198 ὕδωρ
1217 4116 1279 4183 δὲ
1328 4114 1515 4181 πίνειν
1561 4116 1928 4195 βάτραχος,
1977 4117 2338 4182 άπολαῦσαι
2387 4115 2600 4197 θύμων

1025 4221 1322 4305 λαχάνων
1366 4247 1436 4287 τε
1485 4221 1749 4306 κάμπη,
1801 4223 1942 4304 πρὸς
1990 4221 2070 4288 τό
2109 4211 2204 4302 μη
2246 4223 2512 4290 λοῦσθαι
2557 4228 2779 4308 ῥύπος,

1025 4328 1343 4411 ὑπαίθριος
1388 4335 1671 4410 χειμῶνα
1718 4327 1958 4407 διάγειν
2004 4329 2297 4412 κόψιχος,

1025 4445 1241 4516 πνῖγος
1294 4437 1615 4515 ὑπομεῖναι
1665 4435 1769 4500 καὶ
1819 4434 2220 4516 μεσημβρίας
2270 4443 2489 4502 λαλεῖν
