3369 5142
1419 307 1807 358 concensu.
2720 281 2805 351 49

410 486 475 548 et
518 481 940 546 contentionem
987 479 1354 568 significant
1371 529 1390 564 ,
1439 477 1640 546 solere
1687 478 1891 544 ferme
1936 477 2137 544 medii
2182 478 2455 544 formam
2517 475 2803 542 induere.

411 584 910 663 Διατοξεύεσθαι
966 593 1064 652 est
1122 591 1188 652 et
1247 582 1743 666 διακοντίζεσθαι
1807 590 1875 650 et
1932 588 2227 650 sexcenta
2268 583 2417 649 elia.
2463 581 2801 668 Excipitur

358 723 376 743 ¹
408 692 744 772 διαπίνειν,
810 713 963 760 nam
1025 691 1322 759 medium
1373 688 1776 758 διαπίνεσθαι
1822 710 1947 756 non
1983 689 2229 778 legitur
2272 690 2399 754 nisi
2442 690 2512 754 in
2556 685 2801 773 Hedyli

411 800 915 887 epigrammate:

867 906 902 979 ἡ
951 903 1344 982 διαπινομένη
1399 901 1733 972 Καλλίας-ιον
1777 900 2065 988 ἀνδράσι,
2112 900 2343 980 θαῦμα

956 1011 1063 1077 κού
1111 1009 1373 1095 ψευδές,
1421 1018 1588 1087 νῆςις
1635 1017 1798 1090 τρεῖς
1841 1009 2008 1091 χόας
2057 1007 2318 1086 ἐξέπιεν.

409 1115 494 1183 Et
539 1137 708 1182 nunc
753 1116 1050 1184 videmus
1095 1115 1533 1203 Antiphanem
1580 1135 1830 1202 quoque
1870 1137 2278 1182 communem
2318 1116 2615 1182 omnibus
2651 1136 2798 1182 ana-

408 1221 651 1312 logiam
699 1222 898 1290 fuisse
943 1227 1236 1289 secutum
1281 1243 1399 1290 nec
1444 1222 1650 1289 solum
1704 1241 1855 1288 enm
1899 1224 1993 1289 sic
2040 1221 2275 1289 dixisse
2318 1223 2637 1289 existimo.

498 1433 612 1502 Vir
656 1435 919 1521 quidam
966 1436 1192 1504 doctus
1239 1441 1304 1503 et
1350 1436 1697 1523 sapientiae
1743 1435 2065 1503 studiosus
2081 1485 2097 1514 ‚
2150 1456 2339 1522 quem
2384 1429 2799 1501 Heraclidem

407 1541 753 1610 Ponticum
801 1542 1000 1609 fuisse
1043 1545 1224 1610 siunt
1242 1593 1260 1628 ,
1301 1540 1550 1608 ridetur
1595 1542 1674 1608 ab
1724 1542 2085 1629 Antiphane
2130 1563 2196 1629 p.
2238 1540 2325 1608 59
2362 1541 2505 1608 Mk.
2547 1539 2802 1606 Dicitur

407 1651 724 1716 invenisse
786 1649 1167 1715 rhetoricam
1231 1654 1473 1715 artem:
1537 1649 1564 1714 ὃ
1631 1650 1742 1724 την
1792 1648 2127 1715 Θεοδέκτου
2178 1648 2415 1724 μόνος
2463 1646 2803 1728 ἀνευρηκὼς

408 1753 664 1834 τέχνην.
757 1753 1070 1840 Requiro:
1122 1779 1172 1821 π
1194 1761 1384 1836 ρῶτο
1406 1780 1435 1828 ς
1484 1756 1860 1840 ὦνευρηκώς,
1909 1755 1989 1821 cf.
2036 1753 2369 1820 Bentleius
2412 1756 2480 1819 in
2522 1753 2805 1840 Respon-

379 1861 586 1948 ‚sione
648 1859 727 1925 ad
793 1858 1114 1947 Boyleum
1159 1883 1221 1946 p.
1277 1859 1364 1926 55
1407 1867 1472 1928 et
1516 1859 1885 1927 Dindorfius
1932 1860 2012 1926 ad
2054 1859 2515 1949 Prolegomena
2557 1860 2637 1927 de
2684 1856 2803 1926 Go-

407 1964 662 2032 moedia
720 1987 783 2052 Ρ.
851 1964 937 2031 15
999 1964 1172 2031 Edit.
1236 1966 1384 2032 Par.
1451 1965 1560 2033 Sic
1608 1975 1851 2033 veteres
1900 1972 1964 2033 et
2008 1969 2385 2033 recentiores
2428 1965 2799 2052 loquuntur,

409 2068 641 2140 Graeci
689 2076 758 2137 et
802 2068 1098 2138 Romani.
1147 2071 1246 2138 Ex
1293 2071 1751 2140 recentissimis
1797 2069 2204 2140 Cassiodorus
2249 2073 2375 2138 fuit
2391 2123 2410 2158 ,
2459 2075 2573 2159 qui
2608 2074 2801 2158 scrip-

409 2176 498 2244 sit
567 2178 750 2243 verbi
811 2197 1000 2244 causa
1059 2176 1165 2242 IV.
1235 2175 1357 2244 34:
1414 2179 1618 2243 Primi
1675 2179 1847 2245 enim
1896 2179 2198 2246 dicuntur
2241 2200 2472 2246 aurum
2517 2181 2763 2245 Aeacus
2778 2228 2799 2254 ‚

410 2288 754 2372 argentum
818 2281 1012 2350 Indus
1077 2304 1188 2350 rex
1250 2283 1554 2372 Scythiae
1607 2289 1915 2370 reperisse.
1977 2287 2372 2373 Antiphanes
2440 2285 2605 2374 ipse:
2672 2281 2797 2359 ὅτις

415 2388 645 2474 τέχνην
697 2387 1013 2468 κατέδειξε
1058 2395 1364 2473 πρῶτος
1411 2396 1528 2458 τῶν
1572 2388 1753 2457 θεῶν.

507 2599 900 2688 Antiphanis
945 2602 1380 2693 fragmentum
1420 2625 1484 2692 Ρ.
1533 2603 1614 2671 61
1665 2604 1811 2673 Mk.
1858 2608 1950 2675 sic
1994 2605 2457 2694 suppleverim:

1229 2710 1488 2791 τρίποδα
1537 2711 1645 2777 καὶ
1693 2710 1877 2779 κάδον

779 2812 1216 2897 παραθέμενος
1262 2815 1554 2899 ψυκτῆρά
1600 2820 1660 2884 τ’
1707 2817 1859 2886 οἵνου
1910 2817 2149 2907 (πάνυ
2197 2818 2497 2905 μέγαν)

775 2917 1190 2998 μεθύσκεται.

409 3022 654 3092 Deinde
700 3023 1024 3093 soloecnm
1067 3032 1166 3093 est
1183 3076 1202 3102 ‚
1250 3029 1378 3093 nisi
1425 3027 1613 3096 fallor
1634 3080 1652 3109 ‚
1701 3051 1764 3118 p.
1815 3030 1900 3098 66
1944 3032 2101 3101 Mk:

859 3126 1011 3197 ὅταν
1057 3132 1186 3213 γὰρ
1233 3135 1548 3214 απορῆταί
1590 3159 1726 3215 τις,
1775 3136 1853 3203 ἂν
1900 3139 2017 3218 μὲν
2062 3138 2254 3219 ἀργὸς
2301 3138 2373 3223 ᾗ,

853 3234 1052 3303 ἐλθὼν
1097 3238 1600 3307 ἄπεκινδύνευσεν
1650 3241 1883 3323 ἡμέραν
1922 3246 2108 3331 μίαν,

859 3340 964 3413 ὅς’
1014 3346 1048 3421 ἢ
1098 3346 1421 3425 γεγονέναι
1469 3349 1847 3429 λαμπρὸν
1898 3351 1933 3427 ἢ
1982 3348 2392 3439 τεθνηκέναι,

407 3446 580 3534 qnod
624 3448 1002 3531 λαμπρός
1053 3451 1183 3518 dici
1228 3455 1532 3539 oportuit.
1582 3454 1764 3530 Quod
1808 3456 2245 3544 fragmentum
2289 3458 2535 3549 legitur
2578 3482 2639 3549 p.
2684 3460 2795 3547 70,

407 3552 477 3618 id
521 3552 711 3621 hodie
756 3561 901 3641 post
945 3577 1129 3624 curas
1172 3558 1488 3627 Meinekii
1533 3566 1599 3628 et
1645 3558 1871 3629 Cobeti
1916 3562 1985 3628 in
2029 3562 2277 3633 Mnem.
2325 3564 2380 3632 V
2425 3588 2489 3655 Ρ.
2539 3568 2667 3656 81,
2705 3572 2799 3638 its

411 3660 836 3727 constitutum
883 3666 1014 3729 est:

1256 3772 1285 3837 ὅ
1332 3772 1447 3850 μὲν
1497 3771 1608 3860 (ἐν)
1655 3774 1831 3855 aym}
1879 3772 2253 3858 τρεφόμενος

677 3872 1015 3941 θαλάττιον
1063 3874 1307 3963 (ὄψον)
1352 3874 1523 3954 οὗτος
1565 3880 1731 3948 οὐδὲν
1777 3878 2011 3968 ἐσθίει,

679 3979 845 4056 πλην
892 3982 1012 4047 τῶν
1059 3984 1232 4065 παρὰ
1280 3993 1438 4066 γῆν,
1486 3984 1762 4067 γόγγρον
1806 3986 1925 4053 τιν’
1975 3988 2010 4064 ἢ
2061 3987 2279 4072 νάρκην
2326 3998 2439 4059 τιν’
2488 3996 2520 4071 ἓν

681 4083 888 4161 θύννης
939 4089 1024 4153 τοὶ
1076 4090 1218 4177 πρὸς
1261 4099 1432 4170 γῆς.
1483 4102 1548 4157 Β.
1597 4099 1785 4171 froiam
1836 4102 1914 4159 A.
1963 4094 2050 4160 τοὶ
2096 4095 2379 4164 κάτωθεν
2422 4101 2612 4180 λέγω.

685 4200 750 4257 Β.
798 4193 1048 4268 τούτους
1099 4196 1337 4277 Φάγοις
1379 4196 1490 4277 ἄν;
1541 4206 1607 4263 Γ.
1659 4197 1803 4271 τοὺς
1850 4199 1979 4281 γὰρ
2025 4200 2256 4278 ἄλλους
2304 4204 2591 4285 νενόμικα

683 4294 1222 4383 ἀνθρωποφάγους
1267 4299 1480 4385 ἰχθῦς.
1528 4312 1608 4370 A.
1650 4305 1720 4371 τὸ
1766 4304 1937 4370 δεῖνα
1983 4305 2038 4372 δ’
2082 4307 2347 4389 έσθίειςς

683 4404 852 4469 τουτὶ
901 4409 1334 4474 κακόνωτα
1384 4416 1654 4477 πλοῖα.
1704 4418 1772 4475 Γ.
1827 4414 2136 4497 Κωπᾷδας
2186 4415 2415 4494 λέγεις.

685 4520 750 4575 Β.
800 4512 1027 4591 ἀγρίως
1073 4536 1173 4591 γε.

2480 4618 2513 4665 4
