3369 5142
1407 354 1787 408 oomooaum.
2076 409 2083 432 ι
2700 335 2784 405 35

397 533 766 598 ministrum
823 530 930 596 hic
989 530 1170 617 loqui
1216 531 1295 598 de
1339 533 1712 599 beatissima
1754 535 1893 600 vita
1936 532 2199 599 deorum
2218 583 2236 617 ,
2286 534 2367 600 ad
2410 531 2597 598 cuius
2642 527 2782 598 feli-

397 640 660 704 citatem
746 637 866 702 hoc
947 639 1232 704 maxime
1302 637 1492 703 illum
1563 638 1827 716 referre,
1902 639 2069 723 quod
2136 638 2519 704 Amaltheae
2588 656 2783 703 cornu

393 749 700 820 utantur,
747 763 1158 829 quaecunque
1198 742 1561 809 collibuerit
1607 743 2065 831 benignissime
2110 743 2485 809 effundente.
2564 741 2784 830 Longe

394 854 672 935 praestat
729 855 936 915 tacere
994 870 1186 934 quam
1234 855 1368 916 tam
1415 849 1867 934 improbabilia
1914 852 2241 915 coniicere.
2332 848 2741 916 Hermannus
2758 895 2778 932 ,

385 955 604 1042 judice
669 954 1023 1032 Meinekio,
1082 956 1239 1022 bene
1287 961 1506 1021 tuetur
1551 953 1879 1031 πινώμεθα
1925 962 1992 1021 et
2038 957 2295 1022 coniicit
2339 956 2495 1021 haec
2542 955 2622 1022 ab
2670 953 2784 1020 ali-

394 1082 519 1146 quo
567 1061 696 1126 dici
717 1111 736 1138 ,
785 1063 896 1146 qui
945 1081 1010 1126 se
1055 1059 1241 1127 fluvii
1289 1061 1482 1127 deum
1528 1082 1662 1127 esse
1702 1059 1965 1127 simulet
1981 1082 1999 1139 ;
2039 1063 2261 1126 omisit
2295 1067 2513 1127 autem
2552 1059 2780 1128 addere

394 1187 518 1252 quo
579 1186 766 1232 sensu
826 1163 1168 1234 fluviorum
1239 1166 1331 1232 dii
1393 1166 1520 1232 dici
1577 1169 1821 1251 possint
1879 1164 2209 1248 διψῆσθαι.
2302 1165 2651 1252 Desperata
2710 1186 2781 1232 re

395 1271 860 1339 Herwerdenus
903 1275 972 1337 in
1019 1271 1260 1337 Mnem.
1313 1271 1500 1338 XVII
1546 1294 1606 1358 p.
1661 1271 1747 1337 58
1792 1274 2118 1338 rescribit:

851 1375 1055 1443 ἔπειθ’
1105 1374 1254 1442 ὅταν
1301 1378 1510 1452 πείνης
1559 1375 1859 1456 possesione
1908 1379 2038 1455 tw
2090 1376 2246 1460 ἔχη,

395 1485 562 1570 quod
607 1487 744 1570 ipse
761 1533 780 1569 ‚
829 1484 1044 1560 credo,
1099 1484 1392 1568 abiiciet‚
1440 1487 1494 1550 si
1542 1487 1684 1570 quis
1731 1484 1997 1551 meliora
2041 1485 2327 1550 invenire
2373 1484 2651 1570 potuerit
2714 1486 2780 1548 et

397 1588 792 1676 probabilem
839 1591 1350 1656 emendationem
1399 1589 1616 1656 afferre
1663 1589 1926 1655 secundi
1973 1588 2293 1660 versiculi.
2386 1587 2559 1655 Mihi
2612 1591 2779 1654 certe

396 1696 592 1761 aliam
655 1696 830 1762 viam
888 1696 1142 1783 ingredi
1197 1694 1460 1780 placuit.
1555 1694 1803 1761 Fabula
1864 1700 1961 1760 est
2021 1693 2367 1780 Hermippi
2428 1715 2589 1780 quae
2637 1693 2778 1760 Θεοὶ

394 1803 764 1868 inscribitur
832 1810 896 1866 et
957 1801 1110 1866 deus
1169 1801 1432 1885 quidam
1497 1801 1602 1867 hic
1663 1801 1847 1886 loqui
1906 1800 2183 1866 videtur.
2274 1799 2403 1866 Res
2446 1803 2665 1888 agitur
2708 1803 2779 1866 in

394 1907 620 1974 balneo
685 1913 749 1973 et
805 1908 926 1972 sub
989 1907 1023 1981 ἢ
1086 1908 1408 1984 διψώμεθα
1467 1906 1627 1972 latet
1675 1907 1709 1983 ἦ
1759 1904 2191 1986 ’λειψώμε5α,
2239 1927 2392 1972 nam
2439 1913 2537 1973 est
2581 1909 2780 1972 etiam

393 2017 464 2079 in
510 2013 734 2082 balneo
775 2012 1198 2092 ὥλειπτῆριον,
1250 2013 1420 2097 quod
1461 2011 1688 2079 Alexis
1732 2017 2189 2079 commonstrat
2234 2013 2405 2099 apud
2449 2011 2778 2079 Pollucem

393 2118 545 2186 VII.
599 2118 766 2185 166:

757 2226 818 2290 ἐν
864 2227 949 2307 τῷ
994 2224 1314 2306 βαλανείῳ
1357 2225 1522 2304 μήτε
1568 2224 1638 2290 τὸ
1687 2229 1806 2303 πῦρ
1853 2231 1997 2298 ταῖς
2046 2223 2349 2306 ἐσχάραις

757 2331 883 2396 ἐνὸν
928 2331 1359 2408 κεκλεισμένον
1403 2354 1475 2396 τε
1522 2331 1973 2413 τὰλειπτῆριον.

393 2436 556 2505 Vide
621 2457 872 2523 quoque
932 2439 1130 2503 Arist.
1193 2436 1365 2503 Nub.
1433 2433 1570 2502 835
1586 2457 1604 2516 ;
1654 2439 1849 2503 erasis
1895 2441 2111 2505 autem
2160 2436 2383 2504 eadem
2428 2439 2561 2514 est,
2610 2455 2773 2524 quae

393 2565 452 2612 v.
482 2565 537 2611 c.
586 2543 754 2631 apud
799 2543 1180 2631 Eupolidem
1227 2545 1296 2608 in
1341 2543 1701 2632 fragmento
1745 2543 1913 2629 quod
1966 2544 2233 2611 Photius
2276 2542 2503 2611 habet:

758 2649 1200 2728 πεφυτευμένη
1251 2648 1306 2716 δ’
1344 2648 1504 2724 αὕτη
1557 2649 1672 2720 ’clv
1720 2652 1753 2727 ἢ
1807 2648 2184 2730 ’ψιλωμένη;

395 2756 640 2823 Deinde
699 2758 818 2822 sub
873 2753 1020 2829 οἶνος
1083 2758 1312 2835 &nepae
1334 2804 1350 2835 ,
1415 2757 1570 2841 quid
1618 2762 1827 2843 potest
1873 2755 2326 2823 verosimiliter
2371 2753 2601 2829 latere,
2649 2756 2777 2819 nisi

396 2860 704 2945 οἰνοκροὶςῖ
792 2862 1199 2929 Adiectivum
1271 2868 1366 2928 est
1437 2865 1826 2929 substantivi
1893 2862 2032 2930 loco
2098 2868 2476 2948 usurpatum
2497 2911 2515 2946 ,
2584 2860 2779 2927 sicuti

396 2970 636 3050 νεοκρᾶς
686 2968 856 3051 apud
901 2968 1240 3035 Platonem
1283 2965 1623 3035 Comicum
1668 2971 1738 3034 in
1785 2974 2081 3047 νεοκρᾶτα
2128 2993 2223 3041 τις
2276 2969 2541 3033 ποιείτω.
2587 2966 2775 3033 Nune

393 3073 792 3141 tolerabilem
837 3094 1096 3140 sensum
1142 3073 1508 3160 exsculpere
1553 3076 1817 3140 fortasse
1862 3077 2246 3160 poterimus:

757 3179 955 3245 ἔπειτ’
1005 3174 1156 3244 ὅταν
1201 3176 1654 3255 novettae&
1704 3180 1737 3255 ἦ
1790 3178 2323 3263 ’acuite-iuda,

755 3282 1092 3369 εὐχόμεθα
1137 3285 1282 3365 πρὸς
1328 3286 1413 3350 τὸ
1459 3288 1871 3365 λούτριον·
1920 3286 2289 3365 οἶνοκρὰς
2336 3290 2536 3365 γενοῦ.

757 3394 873 3465 κάς
918 3396 1028 3458 τοῦ
1077 3394 1362 3468 καπήλου
1407 3391 1516 3471 ’γὼ
1560 3392 1725 3474 Φέρω
1773 3392 2010 3473 παίζων
2056 3390 2203 3469 ἅμα

759 3496 1064 3571 κεύθὺς
1112 3500 1454 3577 γεγένηται
1502 3503 1681 3564 τοῦτο
1732 3498 1915 3563 πέντε
1964 3498 2069 3563 καὶ
2118 3497 2243 3564 δύο.

486 3602 660 3671 Deus
719 3609 816 3670 est
873 3605 985 3689 qui
1028 3611 1242 3670 narrat
1288 3605 1442 3690 quid
1486 3607 1554 3670 in
1601 3604 1865 3671 deorum
1916 3603 2157 3671 balneis
2201 3603 2339 3671 fieri
2384 3604 2599 3673 soleat.
2658 3605 2771 3673 La-

398 3715 660 3794 vantur,
707 3710 934 3777 deinde
979 3716 1202 3795 optant
1246 3716 1318 3775 ut
1367 3730 1534 3795 aqua
1575 3712 1647 3775 in
1694 3713 1919 3777 vinum
1966 3716 2277 3777 mutetur.
2368 3710 2605 3778 Statim
2644 3714 2783 3781 voti

399 3822 720 3903 compotes
787 3814 952 3879 fiunt
1019 3821 1084 3881 et
1152 3818 1210 3880 is
1278 3818 1389 3901 qui
1460 3816 1566 3881 hic
1625 3816 1820 3881 verba
1884 3816 2039 3882 facit
2062 3866 2077 3891 .
2136 3838 2379 3883 novum
2429 3820 2653 3885 vinum
2700 3818 2783 3885 ad

397 3942 748 4007 cauponem
811 3921 1013 3987 defert
1071 3926 1146 3987 ut
1206 3920 1521 4007 exploret:
1591 3921 1705 3987 ille
1767 3923 2141 4007 pronunciat
2182 3926 2503 4009 optimum
2549 3926 2779 3991 vinum

397 4048 532 4095 esse
596 4028 702 4093 cui
749 4031 1004 4091 tantum
1051 4047 1251 4112 aquae
1297 4026 1693 4104 admixtum,
1746 4034 2060 4113 quantum
2108 4028 2189 4095 ad
2234 4034 2561 4095 strenuam
2606 4049 2781 4096 oom-

398 4135 788 4219 potationem
871 4132 1028 4197 satis
1105 4134 1213 4197 sit.
1305 4132 1577 4198 Faciunt
1653 4134 1862 4221 igitur
1942 4133 2035 4199 dii
2104 4135 2277 4219 quod
2347 4132 2545 4203 Cleon
2611 4136 2782 4221 apud

399 4238 892 4323 Aristophanem
939 4236 1224 4303 facturus
1269 4244 1400 4323 est,
1448 4240 1560 4323 qui

943 4343 1009 4409 ἐκ
1055 4350 1172 4407 τῶν
1218 4342 1569 4426 βαλανείων
1614 4346 1827 4415 πίεται
1874 4346 1943 4415 τὸ
1988 4348 2275 4429 λούτριον.
