3369 5142
584 302 716 378 100
1583 331 2010 383 murmure.

593 504 748 592 quid
803 502 1087 571 Thomae
1147 503 1466 571 credimus
1507 504 1793 585 λαμυρία
1838 505 1938 571 eet
1988 500 2212 581 ἦδύτης
2262 500 2371 569 καὶ
2418 500 2799 586 καθαρότης,
2846 502 2974 572 σθεν

587 610 692 677 καὶ
742 610 1073 691 λαμυρά
1123 610 1344 690 vrnyn
1395 612 1430 687 »5
1479 610 1722 690 καθαροὶ
1768 609 1873 676 καὶ
1925 611 2098 686 ἡδεῖα
2147 610 2320 690 παρά
2368 609 2718 693 Θουκυδίδῃ.
2786 609 2973 678 Arri-

588 720 768 805 pitur
827 718 948 784 hoc
1013 716 1310 803 cupidius
1371 720 1438 783 et
1494 716 1684 784 lectio
1750 716 2064 783 librorum
2128 724 2549 784 ΦΛΝΕΡΩΝ
2596 724 2715 784 τῶν
2756 722 2974 796 πηγῶν

595 827 781 891 οὐσῶν
827 828 1066 889 temere
1113 824 1431 889 abiicitur.
1497 821 1656 904 Quis
1702 828 1921 889 autem
1968 821 2219 889 credere
2264 828 2473 909 potest
2520 826 2735 911 inepto
2780 822 2975 892 Grae-
3072 822 3089 837 ‘

591 930 737 999 culo
781 927 1054 1009 λαμυρόν
1103 949 1239 995 esee
1288 928 1394 1005 ἡδὺ
1441 930 1548 995 καὶ
1589 926 1893 1008 καθαρόνῖ
1935 932 2001 995 et
2038 931 2094 994 ei
2130 949 2321 1014 quam
2364 933 2647 997 maxime
2682 933 2775 997 ita
2812 934 2977 997 esset

593 1036 748 1122 quid
809 1034 1068 1102 tandem
1125 1034 1279 1099 facit
1337 1034 1493 1101 haec
1562 1035 1781 1110 ἧδύτης
1833 1032 1937 1099 καὶ
1986 1034 2326 1115 καθαρότης
2377 1036 2457 1101 ad
2502 1035 2673 1102 hunc
2716 1033 2975 1103 locum?

587 1146 690 1209 An
735 1142 898 1208 forte
941 1140 1082 1206 oh'm
1128 1139 1224 1226 (τὸ
1274 1138 1509 1226 πάλαι)
1553 1147 1735 1207 erant
1778 1142 1848 1206 a}
1898 1141 2101 1220 πηγαὶ
2156 1140 2349 1217 ἡδεῖαι
2399 1146 2463 1207 et
2508 1144 2660 1209 vivo
2720 1141 2968 1231 Thucy·

587 1248 734 1315 dide
779 1246 942 1313 hanc
987 1248 1294 1312 virtutem
1342 1243 1729 1312 amiserant?
1822 1245 1999 1313 Olim
2046 1246 2298 1313 fuerant
2345 1250 2411 1313 αἱ
2458 1249 2663 1327 πηγαὶ
2702 1250 2973 1331 φανεραί

589 1358 655 1421 et
698 1374 778 1419 ex
823 1351 1053 1421 tellure
1096 1350 1294 1417 libere
1337 1354 1407 1417 in
1454 1358 1747 1438 apertum
1794 1352 2261 1431 scaturiebant,
2316 1353 2541 1420 deinde
2598 1354 2971 1423 Pisistratus

582 1459 1022 1549 nymphaeum
1089 1459 1184 1523 ita
1251 1454 1610 1524 aedificavit
1678 1462 1754 1523 ut
1820 1456 2045 1524 latices
2114 1480 2195 1525 ex
2264 1479 2495 1527 novem
2562 1463 2744 1527 ostiis
2804 1462 2970 1529 foras

584 1568 1094 1655 prorumperent,
1170 1562 1338 1629 unde
1409 1562 1818 1644 ἐννεάκρουνος
1889 1563 2209 1652 appellata
2270 1570 2368 1632 eet
2430 1569 2464 1643 »5
2526 1568 2747 1653 κρήνη,
2808 1588 2968 1654 quae

587 1677 773 1741 antea
817 1668 1157 1752 Καλλιρρόη
1203 1670 1569 1738 vocabatur.
2169 1662 2173 1667 ’

675 1881 963 1972 Thncyd.
1029 1880 1108 1947 Π.
1175 1879 1286 1948 21.
1355 1883 1409 1946 1.
1479 1882 1514 1956 »5
1573 1881 1755 1961 φυγὴ
1820 1881 1989 1963 αὐτῷ
2052 1880 2518 1970 (Plistoanacti)
2580 1882 2830 1963 ἐγένετο
2892 1884 2962 1951 ἐκ

587 1988 884 2069 Σπάρτης
948 1984 1194 2065 δόξαντι
1253 1989 1542 2068 χρήμασι
1592 1988 1911 2062 πεισθῆναι
1968 1986 2106 2075 [τὴν
2150 1990 2593 2077 άναχάρησιν].
2687 1990 2971 2081 Vulgata

585 2099 722 2163 sine
784 2095 1210 2161 controversia
1268 2092 1386 2160 alit
1429 2094 1693 2161 vitium.
1785 2091 2007 2178 Itaque
2051 2092 2517 2161 Herwerdenus
2562 2097 2671 2171 την
2718 2099 2970 2181 άναχώ-

581 2227 749 2286 ρησιν
813 2202 1140 2287 expunxit.
1240 2197 1365 2264 Sed
1425 2200 1528 2265 cui
1576 2197 1837 2264 tandem
1883 2198 2258 2266 mortalium
2306 2202 2375 2267 in
2420 2206 2706 2269 mentem
2754 2204 2969 2271 venire

583 2311 796 2398 potuit
858 2308 969 2382 την
1026 2304 1414 2386 άναχῶρησιν
1475 2305 1749 2370 inserere
1811 2304 1889 2370 de
1946 2302 2097 2372 suo!
2160 2305 2287 2372 Pro
2354 2308 2473 2373 άνα
2476 2316 2697 2390 χωρεῖν
2754 2308 2965 2376 Attici

583 2420 799 2483 amant
859 2414 1066 2479 dicere
1129 2413 1427 2477 ποιεῖσθαι
1492 2410 1602 2489 την
1663 2410 2054 2491 ἀναχώρησιν
2110 2412 2300 2497 idque
2344 2415 2562 2499 ipsum
2606 2413 2967 2503 Thucydidi

579 2520 971 2589 reddendum
1018 2539 1153 2586 esse
1199 2516 1504 2585 arbitror:
1553 2517 1839 2600 χρήμασι
1888 2520 2203 2594 πεισθῆναι
2250 2520 2606 2604 (ποιεῖσθαι)
2656 2523 2766 2598 την
2813 2524 2965 2590 άνα-

578 2629 864 2713 χάρησιν.
913 2623 1012 2694 Of.
1062 2624 1168 2692 IV.
1221 2623 1325 2690 65.
1376 2626 1454 2697 ὣς
1500 2623 1695 2704 δώροις
1742 2622 2089 2698 πεισθέντες
2136 2625 2627 2710 άποχωρησειαν.

667 2833 960 2922 Thucyd.
1014 2830 1099 2899 11.
1160 2830 1268 2898 21.
1319 2829 1382 2896 2.
1433 2828 1462 2896 ὃ
1513 2829 1677 2897 οὔπω
1727 2829 2080 2909 ἑοράκεσαν.
2129 2833 2317 2900 Libri
2360 2835 2706 2916 ἑωράκεσαν
2730 2885 2747 2916 ,
2796 2839 2965 2924 quod

576 2941 1041 3008 Herwerdeuus
1104 2939 1404 3004 mutavit.
1497 2938 1593 3004 De
1651 2938 1914 3024 perfecti
1974 2940 2177 3006 forma
2222 2940 2446 3022 ἑόρακα
2496 2942 2646 3030 (non
2690 2945 2927 3025 ἑώρακα
2945 2995 2964 3030 ,

577 3048 746 3135 quod
793 3050 888 3112 eet
932 3047 1001 3109 in
1046 3043 1231 3110 libris
1278 3043 1431 3110 Mes.
1478 3045 1885 3132 perpetuum)
1932 3045 2114 3112 nulla
2160 3053 2255 3114 est
2299 3046 2432 3114 iam
2477 3049 2797 3118 dubitatio
2815 3098 2832 3129 ,
2882 3052 2960 3118 de

576 3150 1194 3242 plusquamperfecto
1258 3148 1488 3232 ἑωράκη
1538 3152 1821 3218 dubitari
1867 3154 2065 3218 etiam
2112 3159 2356 3240 potest,
2404 3155 2516 3222 sed
2559 3156 2814 3224 nullum
2861 3180 2965 3226 me

576 3259 845 3326 memini
903 3256 1116 3346 legere
1188 3257 1257 3321 in
1323 3255 1542 3324 Attico
1602 3262 1791 3344 poeta
1836 3257 2227 3324 versiculum
2246 3307 2264 3336 ‚
2311 3262 2423 3347 qui
2468 3267 2964 3332 controversiam

575 3365 859 3434 dirimat.

666 3575 954 3664 Thucyd.
1027 3575 1108 3641 ΙΙ.
1176 3574 1284 3642 21.
1357 3575 1419 3640 3.
1491 3575 1550 3639 ἐν
1621 3584 1825 3658 πολλῇ
1890 3572 2029 3654 ἔριδι
2104 3573 2257 3650 ἦσαν
2320 3579 2371 3644 οἱ
2432 3580 2549 3658 μὲν
2610 3579 2961 3658 κελεύοντες

586 3684 841 3767 ἐξιέναι,
903 3683 954 3747 οἱ
1003 3681 1068 3747 δέ
1113 3705 1271 3754 τινες
1319 3682 1428 3746 οὐκ
1475 3682 1709 3754 ἐῶντες.
1802 3681 1877 3748 In
1924 3680 2171 3748 duobus
2216 3682 2401 3752 libris
2444 3691 2539 3754 est
2583 3688 2963 3768 ἘΠεξιὲναι.

583 3790 746 3856 Utra
806 3790 1119 3874 scriptura
1180 3792 1278 3852 est
1335 3782 1582 3872 potior?
1637 3785 1810 3852 Mihi
1858 3787 2119 3872 quidem
2166 3787 2469 3867 ἐπεξιέναι
2514 3813 2739 3860 verum
2783 3796 2965 3864 vide-

591 3903 734 3980 tur,
783 3897 936 3979 quia
981 3892 1196 3970 ἐξιέναι
1239 3897 1334 3958 est
1381 3893 1466 3956 ad
1510 3893 1723 3956 bollum
1748 3893 2064 3978 proficisci
2082 3943 2101 3972 ,
2143 3893 2445 3973 ἐπεξιέναι
2483 3900 2675 3964 hostes
2712 3901 2959 3979 adoriri,

589 4007 861 4086 impetum
889 4000 1112 4084 facere
1156 3999 1224 4062 in
1267 3999 1460 4062 horter
1473 4042 1491 4074 ,
1541 3999 1654 4082 qui
1700 4004 1851 4063 eunt
1894 4001 1962 4064 in
2008 4003 2318 4086 proximu.
2366 4001 2608 4070 Eadem
2655 4005 2732 4072 de
2778 4026 2969 4074 cauea

585 4109 657 4173 in
691 4106 930 4174 vicinia
969 4106 1212 4190 optime
1246 4102 1523 4190 leg-itur:
1562 4102 1876 4170 Periclem
1917 4105 2193 4185 ἐκάκιζον
2238 4102 2331 4174 ὅτι
2378 4112 2687 4190 ςρατηγὸς
2736 4111 2813 4178 ὢν
2860 4115 2966 4180 οὐκ

591 4210 940 4291 ἘΠεξάγοι
966 4259 982 4289 ,
1043 4209 1113 4275 id
1181 4230 1308 4275 non
1371 4211 1470 4276 cet
1519 4210 1599 4274 ad
1639 4211 1855 4274 balbum
1900 4210 2189 4298 duceret,
2236 4214 2347 4280 aed
2392 4223 2554 4282 recca
2596 4217 2681 4282 ad
2722 4220 2963 4287 hom.

586 4319 786 4405 Saepe
843 4319 1040 4384 etiam
1097 4314 1352 4382 additur
1399 4315 1459 4387 ἐς
1505 4313 1756 4397 μάχην,
1810 4323 1885 4382 ut
1929 4316 2010 4382 Π.
2066 4317 2169 4384 13.
2219 4319 2283 4384 2.
2332 4318 2662 4411 (Periclea)
2712 4327 2967 4408 παρῄνει

561 4462 670 4482 ,-
735 4427 795 4496 ἐς
859 4420 1081 4507 μάχην
1143 4423 1231 4499 μη
1279 4419 1584 4500 ἐπεξιέναι
1629 4444 1705 4485 ne
1748 4443 1991 4488 manum
2040 4432 2442 4509 consererent,
2489 4433 2559 4492 ut
2594 4430 2825 4512 proelio
2868 4433 2967 4496 ab·
