3369 5142
1385 416 1807 469 vuucrmmts.
2650 406 2675 471 1
2693 404 2773 471 31

397 588 506 654 sed
554 584 854 655 Graeculi
901 592 1208 655 mirantes
1253 593 1692 658 accusativum
1743 591 2041 668 ἕκπύςους
2090 594 2167 660 de
2214 613 2329 660 suo
2376 597 2543 672 ἡμᾶς
2596 594 2779 661 addi-

394 692 640 759 derunt.

486 904 778 992 Thucyd.
852 907 977 973 ΙΙΙ.
1045 906 1153 973 30.
1223 908 1382 973 πολὺ
1453 909 1522 973 τὸ
1595 908 1971 989 ἀφύλακτον
2041 910 2363 989 εὑρήσομεν
2434 911 2603 976 κατὰ
2666 912 2779 989 μὲν

397 1009 726 1075 θάλασσαν
789 1013 894 1076 καὶ
959 1012 1158 1090 πάνυ,
1221 1010 1262 1094 ᾖ
1325 1014 1535 1078 ἐκεῖνοί
1593 1038 1666 1077 τε
1714 1014 2031 1082 άνέλπιςοι
2079 1016 2463 1094 ἐπιγενέσθαι
2514 1016 2591 1081 ἄν
2638 1041 2776 1082 τινα

395 1118 578 1199 σφίσι
644 1119 934 1193 πολέμιον
997 1120 1101 1183 καὶ
1153 1121 1319 1196 ἡμῶν
1370 1122 1404 1197 ἦ
1451 1122 1616 1195 άλκὺ
1663 1121 1975 1197 τυγχάνει
2024 1121 2275 1198 μάλιςα
2319 1118 2492 1188 οὖσα.
2588 1122 2783 1190 Varie

395 1229 768 1308 torquentur
835 1226 1030 1291 verba
1096 1224 1346 1303 μάλιςα
1417 1219 1610 1303 οὖσα,
1682 1246 1842 1309 quae
1900 1226 2062 1291 mihi
2126 1228 2384 1312 quidem
2442 1230 2779 1294 sanissima

395 1350 528 1395 esse
599 1330 928 1397 videntur:
993 1352 1212 1397 sensus
1271 1336 1369 1396 est
1429 1355 1550 1416 qua
1601 1342 1784 1415 parte
1846 1354 1953 1395 noe
1997 1334 2258 1398 valemus
2300 1334 2577 1408 maxime,
2624 1354 2774 1399 nam

393 1436 814 1523 quadraginta
859 1440 1124 1503 navium
1172 1437 1438 1504 classem
1481 1438 1815 1504 habebant.

484 1644 774 1733 Thucyd.
839 1646 959 1711 ΠΙ.
1027 1646 1134 1713 31.
1203 1650 1272 1712 in
1330 1647 1513 1712 libris
1574 1653 1704 1713 est:
1777 1650 2073 1729 παρῄνουν
2138 1686 2216 1698 -
2267 1650 2383 1713 τῶν
2452 1650 2512 1713 ἐν
2574 1648 2777 1733 Ἰωνίᾳ

392 1751 627 1817 πέλεων
674 1755 1076 1829 καταλαβεῖν
1124 1754 1262 1817 τινά
1291 1792 1372 1801 -
1402 1748 1561 1823 ὅπως
1610 1754 1677 1816 ἐκ
1727 1752 1961 1823 πόλεως
2012 1754 2338 1833 ὁρμώμενοι
2388 1756 2495 1828 τὴν
2541 1756 2771 1820 Ἰωνίαν

392 1858 815 1932 άποςήσΩσιν
857 1898 938 1907 -
985 1860 1086 1922 καὶ
1138 1860 1248 1933 τὴν
1295 1857 1576 1938 πρόσοδον
1625 1857 1863 1933 ταύτην
1908 1860 2177 1936 μεγίςνιν
2216 1855 2399 1924 οὖσαν
2440 1862 2769 1934 Ἀθηναίων

395 1963 462 2037 ἣν
509 1964 813 2045 ὑφέλωσιν
865 1965 968 2029 καὶ
1019 1962 1161 2042 ἅμα
1205 1966 1274 2040 ἢν
1311 1966 1652 2043 ἐφορμῶσιν
1694 1967 1904 2038 αὐτοῖς
1939 1966 2187 2038 δαπάνη
2230 1968 2410 2045 σφίσι
2445 1967 2769 2045 γίγνηται.

391 2066 562 2135 Usus
609 2076 706 2134 est
751 2069 1158 2157 Thucydides
1207 2092 1332 2155 qua
1369 2070 1529 2135 solet
1565 2070 1901 2136 modorum
1940 2070 2229 2158 enallage
2270 2079 2333 2136 et
2372 2074 2462 2137 ita
2488 2073 2770 2158 scripsit:

390 2171 550 2248 ὅπως
591 2212 671 2223 —-
714 2178 1176 2249 άποςήσΟΤσιν
1229 2177 1334 2240 καὶ
1385 2178 1494 2249 τὴν
1542 2176 1823 2254 πρόσοδον
1864 2214 1947 2223 -
1990 2176 2297 2255 ὑφ’έλωσιν
2346 2178 2449 2241 καὶ
2516 2176 2659 2252 ἅμα
2686 2214 2774 2227 -

391 2281 639 2355 δαπάνη
703 2284 1026 2359 γίγνηται.
1123 2281 1407 2346 Pendeat
1469 2301 1546 2346 ex
1593 2278 1753 2352 ὅπως
1806 2290 1869 2346 et
1915 2280 2204 2345 futurum
2251 2280 2661 2356 άποςῆσουσιν
2710 2288 2775 2349 et

393 2390 664 2455 aoristus
732 2388 1046 2452 secundus
1119 2386 1424 2467 ὑφέλωσιν
1496 2392 1560 2451 et
1627 2407 1920 2471 praesens
1990 2390 2379 2453 coniunctivi
2445 2387 2773 2465 ‘styrmen

389 2492 668 2559 Miratus
729 2490 1201 2559 Graeculorum*
1252 2491 1486 2578 aliquis
1530 2489 1688 2562 ὅπως
1736 2491 2105 2565 άπιςήσουσι
2155 2493 2259 2556 καὶ
2310 2493 2646 2574 ὑφέλωσιν,
2694 2493 2773 2559 de

389 2621 503 2665 suo
573 2604 642 2674 ἢν
711 2599 994 2684 addidit,
1063 2599 1167 2663 καὶ
1242 2598 1310 2673 ἣν
1383 2599 1691 2678 ὑφέλωσιν
1758 2609 1823 2664 et
1890 2597 2101 2664 locum
2170 2601 2401 2665 misere
2468 2601 2769 2686 corrupit.

387 2704 584 2772 Recte
643 2703 900 2771 Classen
944 2706 1011 2781 ἥν
1059 2707 1401 2790 expunxit,
1451 2705 1622 2789 quod
1665 2707 1839 2770 nasci
1882 2725 2005 2770 non
2050 2707 2263 2790 potuit
2306 2706 2433 2770 nisi
2480 2709 2544 2769 in
2591 2726 2772 2790 prae-

389 2811 760 2876 cedentibus
807 2809 965 2882 ὅπως
1016 2811 1428 2885 άποςήσουσιν
1475 2809 1631 2876 olim
1680 2813 1989 2895 scriptum
2035 2810 2283 2876 fuisset.

481 2916 561 2982 In
625 2913 746 2981 fine
801 2917 926 2981 loci
988 2915 1368 3004 legendum:
1433 2915 1536 2979 καὶ
1602 2911 1745 2992 ἅμα
1807 2915 1877 2991 ἣν
1937 2918 2243 2997 ἐφορμῶσι
2290 2915 2471 2996 σφίσι
2520 2915 2764 2990 δαπάνη

390 3023 600 3094 αὐτοῖς
649 3025 975 3101 γίγνηται.
1027 3021 1442 3106 Perspicuum
1493 3027 1590 3087 est
1635 3025 1851 3100 σφίσιν
1898 3043 2031 3087 esse
2070 3030 2193 3092 τοῖς
2235 3022 2765 3106 Λακεδαιμονίοις,

387 3135 452 3196 et
495 3129 702 3200 αὐτοῖς
751 3135 876 3200 τοῖς
924 3127 1286 3202 Ἀθηναίοις.
1333 3127 1575 3192 Eodem
1621 3149 1811 3192 sensu
1858 3127 1935 3194 de
1982 3149 2049 3193 re
2096 3127 2317 3193 eadem
2362 3148 2497 3213 cap.
2548 3127 2657 3194 33.
2703 3127 2762 3194 3.

385 3233 586 3313 κέρδος
633 3234 686 3300 δ’
735 3232 1008 3310 ἐνόμισεν
1055 3269 1140 3283 -
1188 3229 1280 3298 ὅτι
1329 3233 1597 3309 οὐδαμοῦ
1647 3233 2234 3313 ἐγκαταληφθεῖσαι
2283 3233 2765 3310 ἠναγκάσθησαν

383 3340 752 3422 ςρατόπεδον
803 3341 1101 3406 ποιεῖσθαι
1153 3339 1256 3403 καὶ
1300 3341 1594 3420 φυλακὴν
1646 3341 1828 3420 σφίσι
1869 3337 1973 3403 καὶ
2013 3336 2347 3420 ἐφόρμησιν
2387 3348 2765 3420 παρασχεῖν.

473 3550 756 3638 Thucyd.
823 3549 936 3615 ΙΙΙ.
1002 3549 1108 3615 32.
1175 3549 1238 3615 3.
1305 3547 1522 3628 ἔλεγον
1569 3550 1634 3614 οὔ
1682 3555 1891 3620 καλῶς
1939 3551 2047 3624 τὴν
2096 3547 2378 3614 Ἑλλάδα
2430 3549 2767 3628 ἐλευθεροῦν

379 3657 566 3722 αὐτὸν
605 3657 654 3720 εἰ
699 3655 915 3734 ἄνδρας
954 3656 1284 3737 διέφθειρεν
1321 3657 1462 3722 οὔτε
1502 3665 1722 3737 χεῖρας
1756 3655 2218 3734 άνταιρομένους
2246 3655 2383 3721 οὔτε
2411 3657 2763 3734 πολεμίους.

379 3762 578 3828 Recte
643 3761 1031 3829 Herwerden
1103 3762 1434 3844 διαφθείρει
1505 3764 1797 3827 correxit.
1896 3761 2213 3826 Dicebant
2280 3762 2453 3827 enim
2521 3768 2633 3828 aut
2696 3765 2761 3828 οὐ

379 3875 582 3940 καλῶς
633 3873 743 3942 τὴν
790 3867 1074 3932 Ἐλλάδα
1122 3869 1446 3947 ἐλευθεροῒς
1496 3866 1719 3947 ἄνδρας
1771 3865 2189 3950 διαφθείρΩΝ
2230 3875 2343 3933 aut
2381 3868 2548 3954 quod
2586 3869 2759 3934 idem

380 3985 476 4042 est
521 3976 574 4040 εἰ
623 3971 845 4054 ἄνδρας
893 3973 1280 4055 διαφθείρεις.

472 4183 762 4273 Thucyd.
811 4184 936 4250 ΙΙΙ.
991 4181 1098 4248 33.
1148 4183 1214 4249 2.
1259 4183 1438 4262 μέγα
1485 4183 1557 4248 τὸ
1605 4183 1733 4258 δέος
1783 4183 2025 4261 ἐγένετο
2069 4185 2157 4261 μὴ
2205 4186 2669 4266 παραπλέοντες
2712 4189 2763 4254 οἷ

382 4290 846 4366 Πελοποννήσιοι
898 4327 980 4338 -
1029 4290 1316 4370 πορθῶσιν
1363 4286 1507 4368 ἅμα
1554 4293 2041 4372 προσπίπτοντες
2086 4292 2205 4364 τοὶς
2265 4293 2500 4364 πόλεις.
2596 4291 2765 4373 Quid

383 4397 510 4462 sibi
555 4394 702 4463 vult
749 4393 890 4474 ἅμα
936 4399 1004 4461 in
1052 4393 1196 4474 ἅμα
1237 4395 1771 4478 προσπίπτοντεςῖ
1810 4397 2293 4464 Emendandum
2335 4419 2466 4464 esse
2508 4417 2765 4465 censeo:

387 4505 474 4584 μὴ
526 4504 580 4569 οἱ
646 4504 1109 4581 Πελοποννήσιοι
1165 4543 1238 4554 -
1295 4505 1580 4587 πορθῶσιν
1641 4501 1783 4582 ἅμα
1848 4504 2311 4586 παραπλέοντες
2370 4505 2486 4576 τὰς
2534 4507 2764 4582 πόλεις.
