3369 5142
1356 358 1477 410 rao
1525 359 1775 410 cmm.
2625 343 2758 415 20¹7

465 534 777 621 Apodosis
822 535 1053 620 incipit
1100 555 1137 600 a
1182 557 1599 622 quamquam,
1648 539 1762 600 aut
1801 535 2012 620 potius
2047 535 2246 602 verba
2267 559 2650 624 quamquam
2673 573 2757 586 --

373 643 743 708 studuemmt
803 639 1101 727 (minime
1148 660 1299 705 cum
1345 643 1585 726 protasi
1633 641 1980 729 iungenda)
2031 646 2412 728 praeparant
2457 641 2760 727 apodosin

375 755 439 814 et
495 751 819 815 continent
866 749 1299 833 exceptionem
1348 749 1802 833 praemissam,
1855 751 2039 831 qnasi
2085 749 2258 814 dicat
2303 745 2556 815 Cicero:
2604 749 2760 814 adeo

373 854 543 918 mihi
606 858 854 919 constat
915 853 993 918 de
1054 853 1413 918 innocentia
1460 853 1687 938 Caelii,
1737 860 1812 918 ut
1859 855 2266 942 (quamquam
2310 856 2454 922 aliis
2507 858 2762 940 19110801·-

374 961 503 1042 tur)
527 1007 543 1037 ‚
611 961 665 1024 si
712 959 1076 1045 apparuerit
1124 958 1230 1025 vel
1276 958 1475 1024 semel
1522 955 1817 1024 Caelium
1863 960 1942 1025 ad
1991 958 2336 1026 Catilinam
2386 963 2718 1027 accessisse
2740 1009 2757 1039 ,

374 1065 713 1132 concedam
776 1062 996 1131 Caelio
1059 1069 1271 1130 tamen
1336 1067 1605 1129 nimiam
1669 1065 1867 1131 fuisse
1929 1064 2460 1132 familiaritatem.
2525 1066 2759 1133 Moneo

373 1177 631 1259 propter
674 1171 960 1247 Barwes,
1012 1171 1277 1260 Oetling
1296 1219 1313 1248 ,
1361 1170 1928 1257 Wrampelmeier,
1978 1175 2090 1258 qui
2137 1172 2354 1239 locum
2400 1194 2526 1240 non
2572 1173 2759 1240 intel-

370 1277 665 1344 lexerunt
730 1281 795 1344 et
864 1277 1097 1343 frustra
1166 1281 1509 1342 tentarunt.
1603 1276 1840 1354 Bakio,
1909 1281 2022 1363 qui
2081 1283 2276 1366 negat
2342 1278 2409 1345 h.
2433 1278 2478 1344 l.
2549 1278 2756 1344 ullam

372 1386 837 1450 concessionem
899 1403 1034 1449 esse
1092 1386 1157 1448 et
1218 1388 1549 1469 propterea
1602 1395 1808 1450 tamen
1855 1384 2150 1468 repudiat
2167 1430 2184 1462 ‚
2237 1385 2760 1471 interpretatione

372 1510 563 1576 supra
607 1491 931 1576 proposita
974 1509 1349 1574 responsum
1396 1489 1676 1555 videtur.

466 1595 569 1661 10.
637 1599 939 1674 „secutus
996 1600 1093 1660 est
1154 1614 1357 1660 annus
1381 1643 1398 1673 ,
1462 1619 1583 1682 quo
1629 1615 1886 1662 causam
1937 1596 2014 1660 de
2061 1597 2346 1678 pecuniis
2393 1596 2761 1681 repetundis

370 1701 654 1770 Catilina
702 1702 903 1768 dixit.-
947 1722 1204 1767 mecum
1258 1706 1394 1767 erat
1439 1701 1573 1776 hic;
1621 1700 1723 1766 illi
1769 1722 1850 1766 ne
1889 1700 2234 1768 advocatus
2279 1701 2536 1787 quidem
2585 1705 2762 1768 venit

372 1795 739 1895 umquam.’'

460 1915 868 1981 Postremum
934 1914 1323 1980 vocabulum
1389 1914 1604 1980 abesse
1662 1914 1852 1980 debet
1867 1933 1884 1992 ;
1953 1915 2033 1980 de
2093 1933 2224 1980 una
2269 1933 2458 1980 causa
2506 1917 2758 1978 tantum

371 2024 607 2110 agitur.
703 2020 781 2086 In
842 2023 925 2085 iis
988 2041 1151 2106 quae
1212 2025 1563 2106 sequuntur
1619 2021 1656 2104 ς
1721 2021 1840 2085 11:
1914 2039 2147 2104 „quem
2212 2040 2363 2108 ergo
2428 2018 2507 2085 ad
2568 2017 2760 2087 finem

371 2133 560 2215 putas
622 2126 1101 2192 custodiendam
1148 2125 1333 2191 illam
1381 2131 1655 2191 aetatem
1704 2124 1984 2191 fuisse?”
2035 2125 2580 2192 animadvertatur
2628 2125 2758 2191 cal·

368 2233 589 2300 liditas
628 2235 913 2318 patroni,
952 2233 1065 2317 qui
1102 2251 1271 2296 nunc
1310 2233 1401 2296 sic
1428 2232 1615 2316 dicit,
1642 2233 1823 2318 qnasi
1848 2231 1925 2297 de
1947 2252 2014 2298 se
2037 2236 2288 2298 tantum
2315 2251 2387 2298 ac
2409 2236 2606 2318 patre,
2631 2251 2756 2298 non

372 2339 449 2405 de
511 2339 701 2424 culpa
768 2337 976 2404 Caelii
1048 2343 1365 2425 ageretur.
1438 2337 1518 2403 Se
1578 2344 1641 2403 et
1705 2343 1952 2424 patrem
2014 2335 2307 2404 Caelium
2367 2343 2622 2425 purgat,
2685 2342 2762 2403 ut

373 2445 695 2511 auditores
742 2442 862 2509 filii
910 2443 1389 2511 obliviscantur.
1438 2443 1642 2511 Paulo
1689 2450 1836 2510 ante
1883 2457 1952 2510 at
1989 2445 2294 2510 excidisse
2333 2446 2589 2512 videtur
2620 2449 2766 2531 post
2882 2441 2888 2446 ’

370 2551 660 2638 infamia.

471 2656 575 2722 11.
628 2664 887 2735 „tamen
932 2657 1270 2723 infamiam
1318 2682 1527 2724 veram
1575 2658 1850 2745 effugere
1895 2678 2020 2722 non
2068 2656 2374 2742 poterat.”

467 2762 619 2828 Fuit
682 2766 793 2847 qui
858 2766 1197 2829 coniiceret
1240 2768 1589 2830 universam
1596 2790 1619 2841 ;
1670 2765 2010 2851 infamiam
2053 2776 2238 2850 atque
2281 2762 2616 2841 imddiam5
2663 2766 2762 2828 ἰη-

364 2870 611 2956 famiae
682 2881 927 2934 ventum
996 2868 1242 2935 Bakius
1264 2920 1279 2941 .
1361 2870 1700 2956 infamiam
1770 2872 2123 2953 adversam,
2196 2868 2455 2947 Η81111.;
2527 2868 2763 2935 melius

374 2974 663 3063 Kayser,
727 2973 1025 3041 Heidelb.
1090 2974 1312 3041 Jahrb.
1384 2976 1559 3041 1870
1618 2998 1677 3061 p.
1749 2975 1921 3053 425,
1973 2974 2206 3041 collato
2260 2975 2470 3057 „fama
2517 2974 2762 3041 adules-

375 3082 573 3146 centis
620 3080 867 3165 paulim
916 3080 1124 3146 haesit
1171 3082 1249 3146 ad
1298 3083 1545 3147 metas”
1594 3084 1631 3167 ξ
1680 3080 1766 3147 ¹75
1792 3130 1807 3153 ‚
1856 3082 2116 3147 coniicit
2161 3081 2468 3167 infamiae
2512 3094 2761 3145 metam.

374 3186 497 3253 Sed
559 3206 709 3253 vera
772 3186 1041 3251 infamia
1089 3193 1186 3251 est
1234 3186 1500 3264 merita,
1552 3208 1713 3273 quae
1759 3209 1796 3253 a
1840 3186 2162 3251 calumnia
2208 3185 2410 3252 libera
2455 3190 2581 3262 est;
2632 3206 2764 3251 me·

370 3295 495 3359 rito
562 3292 825 3357 infamis
898 3299 995 3356 est
1066 3292 1435 3358 adulescens
1504 3296 1615 3379 qui
1684 3294 2066 3379 pudicitiam
2133 3293 2301 3357 tueri
2363 3312 2487 3356 non
2534 3294 2763 3376 potest.

371 3397 441 3464 Si
502 3398 659 3483 quid
722 3398 1092 3463 mutandam
1162 3406 1327 3463 esset
1384 3419 1798 3484 proponerem
1864 3398 2206 3482 infamiam
2253 3399 2543 3463 meritam
2593 3396 2766 3480 (nam

377 3512 663 3585 „metam
728 3505 1034 3593 effuqere”
1101 3506 1319 3570 minus
1378 3512 1523 3592 apte
1585 3505 1833 3570 dictum
1884 3502 2204 3589 videtur),
2254 3502 2364 3567 sed
2409 3522 2533 3567 non
2578 3501 2766 3569 video

376 3630 625 3676 necesse
690 3630 847 3675 esse.
921 3608 1308 3676 Garatonius
1346 3612 1478 3675 iam
1521 3614 1690 3675 recte
1731 3608 2004 3675 contulit
2045 3608 2248 3685 „falsa
2285 3606 2582 3674 infamia”
2627 3604 2763 3675 Oic.

376 3736 489 3802 pro
536 3713 677 3782 Clu.
734 3717 794 3793 3,
846 3714 911 3794 ¹7,
966 3717 1281 3793 „mendax
1328 3716 1639 3782 infamia’'
1691 3714 1850 3782 Hor.
1899 3714 2108 3800 Epist.
2161 3713 2208 3779 Ι.
2265 3711 2368 3778 16.
2418 3712 2527 3779 39.

471 3823 573 3889 12.
644 3822 911 3900 „habuit
964 3825 1135 3887 enim
1197 3823 1310 3889 ille
1366 3820 1734 3905 (Catilina),
1783 3822 1974 3888 sicuti
2021 3823 2394 3886 meminisse
2443 3840 2558 3887 vos
2603 3820 2770 3885 arbi·

376 3946 541 4005 tror,
606 3927 927 4015 permulta
976 3930 1405 3995 maximarum
1453 3949 1577 3996 non
1624 3949 1920 4015 expressa
1967 3930 2190 4015 sig-na,
2239 3927 2348 3994 sed
2395 3928 2772 3995 adumbrata

379 4034 769 4102 virtutum.’'

472 4141 741 4217 Forma,
816 4143 1056 4225 species
1128 4140 1256 4208 dici
1317 4147 1582 4227 possunt
1644 4141 2062 4207 adumbratae
2081 4186 2096 4215 ,
2161 4138 2273 4205 sed
2347 4142 2533 4227 signa
2611 4161 2772 4226 quae

382 4245 617 4313 annulo
676 4245 1177 4329 imprimuntur.
1245 4268 1369 4313 non
1426 4254 1577 4313 sunt
1637 4246 2036 4313 adumbrata.
2131 4245 2329 4311 Porro
2386 4265 2575 4332 aegre
2619 4266 2774 4311 cum

382 4352 673 4417 Ernestio
741 4371 923 4416 careo
994 4354 1311 4437 particula
1375 4366 1599 4419 tamen.
1693 4351 1764 4418 Si
1827 4356 2136 4439 scriptum
2196 4351 2392 4416 fuisse
2460 4352 2774 4419 credimus

387 4450 863 4539 armnnlrffi,
929 4466 1211 4531 nascitur
1273 4468 1507 4531 omisso
1568 4468 1673 4531 sed
1735 4465 1890 4529 haec
1949 4464 2174 4531 lectio:
2253 4482 2413 4547 „non
2484 4482 2776 4551 expressa
