3369 5142
600 254 731 325 168
1584 272 2022 326 rnucrmnm.

592 451 601 460 “
688 445 927 515 Cobeto
988 446 1231 534 optime
1292 449 1633 534 corrigenti
1694 448 2030 525 μνησθῆναι
2083 485 2165 496 -
2215 446 2400 528 πρὸς
2463 447 2604 520 τοὺς
2652 447 2984 527 βελτίτους

600 554 787 622 Stahl
849 559 915 620 et
970 552 1231 620 Classen
1290 554 1713 621 obmoverunt
1732 602 1748 631 ‚
1809 552 2036 618 multis
2085 559 2302 620 tamen
2345 553 2502 620 locis
2549 549 2987 641 Thucydideis

599 661 736 749 legi
796 661 1005 739 λέγειν
1073 661 1133 733 ἐς
1198 660 1299 725 τὸν
1357 659 1546 737 δῆμον
1606 665 1670 725 et
1731 661 1790 732 ἐς
1853 663 1953 726 τὸν
2020 661 2270 734 πλῆθος.
2363 659 2577 726 Facile
2623 661 2984 745 credimus,

596 787 723 833 non
763 766 971 832 solum
1011 765 1182 851 apud
1218 763 1665 852 Thucydidem
1707 764 1815 830 sed
1835 765 2007 850 apud
2028 769 2351 851 optimum
2373 787 2688 852 quemque
2715 769 2990 851 scripto-

595 893 734 939 rem
780 873 936 938 haec
981 872 1307 938 sollemnis
1354 871 1605 937 dicendi
1649 872 1814 936 ratio
1860 877 1956 936 est
2001 871 2078 937 de
2123 877 2366 938 oratore
2413 875 2525 957 qui
2573 873 2768 939 verba
2829 873 2986 938 facit

596 978 676 1044 ad
722 983 1178 1066 congregatam
1226 976 1508 1063 aliquam
1544 977 2027 1043 multitudinem
2053 1027 2070 1062 ‚
2111 980 2222 1063 qui
2259 981 2455 1054 etiam
2497 978 2732 1043 dicitur
2771 977 2984 1057 λέγειν

594 1085 654 1148 ἐν
718 1085 801 1165 τῷ
872 1084 1039 1165 δημῷ
1090 1084 1196 1170 (cf.
1244 1103 1396 1148 mox
1443 1103 1575 1169 cap.
1631 1081 1720 1147 48
1768 1084 1830 1157 ἐς
1879 1085 2018 1157 τοὺς
2069 1085 2335 1157 πολλοὺς
2382 1090 2660 1164 Φανερῶς
2707 1085 2982 1170 ἔλεγον),

597 1211 824 1257 verum
871 1190 1017 1255 inde
1064 1210 1188 1255 non
1232 1191 1519 1274 sequitur
1540 1238 1556 1267 ,
1608 1190 1830 1274 opinor
1848 1239 1866 1274 ‚
1912 1211 2056 1256 cum
2102 1192 2245 1276 quis
2283 1189 2525 1276 aliquid
2565 1191 2736 1256 dicat
2761 1190 2977 1268 alicui,

599 1301 711 1362 aut
771 1297 841 1361 in
899 1296 1151 1381 privato
1196 1314 1485 1360 sermone
1531 1293 1890 1380 aliquibus,
1939 1297 2069 1362 dici
2113 1317 2294 1381 posse
2340 1294 2548 1374 λέγειν
2598 1320 2657 1361 τι
2708 1296 2792 1370 εἷς
2843 1319 2980 1362 τινα

595 1401 701 1470 vel
761 1403 847 1475 εἷς
913 1423 1087 1476 τινας
1148 1421 1261 1488 pro
1308 1401 1453 1482 πρός
1498 1424 1639 1466 τινα
1664 1448 1683 1485 ‚
1731 1401 1876 1480 πρός
1925 1425 2096 1473 τινας
2146 1403 2282 1467 sive
2325 1403 2475 1478 τινί,
2524 1402 2704 1468 τισίν.
2800 1401 2983 1482 Quod

594 1515 811 1575 autem
875 1506 1133 1574 Classen
1178 1509 1473 1593 opposuit
1516 1506 1736 1573 locum
1783 1505 1816 1572 I
1863 1505 1952 1572 90
1998 1509 2034 1592 ξ
2081 1507 2124 1572 2
2171 1508 2241 1573 τὸ
2291 1509 2404 1584 μὲν
2451 1507 2823 1586 βουλόμενον
2871 1509 2978 1574 καὶ

594 1614 869 1682 ὕποπτον
889 1624 997 1690 τῆς
1029 1615 1277 1693 γνώμης
1303 1615 1369 1679 οὗ
1395 1616 1718 1688 δηλοῦντες
1747 1614 1807 1686 ἐς
1833 1614 1971 1686 τοὺς
2015 1612 2382 1690 Ἀθηναίους
2427 1619 2624 1681 miror
2662 1618 2874 1682 virum
2911 1617 2980 1680 in

594 1721 971 1811 Thucydide
1008 1722 1518 1788 versatissimum
1557 1739 1683 1785 non
1721 1719 2246 1786 animadvertisse
2283 1722 2378 1786 ibi
2413 1721 2812 1809 iungendum
2847 1741 2978 1786 esse

596 1829 666 1893 τὸ
693 1827 963 1894 ὕποπτον
990 1829 1050 1901 ἐς
1076 1852 1137 1892 τ.
1164 1824 1333 1905 ’Λ3.,
1361 1830 1435 1890 ut
1459 1827 1698 1892 discere
1721 1832 2015 1912 potuerat
2038 1827 2143 1893 cll.
2162 1826 2250 1894 VI
2275 1825 2383 1911 60,
2415 1830 2468 1892 1.
2501 1827 2608 1912 61,
2637 1826 2703 1895 3.
2739 1825 2888 1906 103,
2915 1827 2975 1892 4.

684 1933 1063 2021 Madvigius
1105 1932 1172 1997 in
1219 1931 1384 2030 Adv.
1431 1929 1591 2001 Grit.
1641 1932 1671 1996 I
1717 1953 1778 2018 p.
1833 1930 1964 1997 334
2013 1930 2280 1999 calidius
2325 1936 2591 2020 negavit
2635 1937 2976 2018 optimates

594 2061 867 2126 usquam
936 2037 1243 2125 appellari
1307 2037 1668 2116 βελτίςους,
1744 2041 2132 2104 contrarium
2196 2042 2367 2104 enim
2446 2060 2595 2104 cum
2675 2039 2789 2105 alii
2855 2038 2976 2105 loci

597 2147 859 2224 docent,
919 2150 1100 2228 tum,
1160 2165 1239 2209 ne
1300 2144 1463 2209 desit
1525 2142 1928 2228 exemplum,
1981 2144 2272 2230 Xenoph.
2319 2144 2576 2213 Hellen.
2623 2145 2750 2212 VH
2799 2144 2861 2224 3,
2911 2145 2971 2210 4.

593 2252 885 2320 Audiunt
955 2252 1007 2316 οἱ
1079 2250 1308 2328 ἄριςοι,
1372 2250 1423 2314 οἱ
1486 2247 1800 2334 βέλτιςοι,
1870 2251 1920 2316 οἱ
1976 2250 2280 2334 navem,
2343 2253 2395 2317 οἱ
2445 2251 2620 2316 καλοὶ
2669 2249 2969 2329 κάγαθοί.

595 2357 932 2424 Praeterea
994 2376 1144 2421 vero
1204 2357 1306 2420 vir
1366 2354 1726 2440 praeclarus
1775 2356 2033 2422 offendit
2079 2357 2144 2421 in
2193 2357 2408 2423 addito
2455 2365 2572 2422 τῶν
2619 2359 2970 2437 ἀνθρώπων,

589 2464 784 2550 idque
843 2463 1017 2528 haud
1069 2461 1338 2537 rectius,
1388 2463 1512 2526 nisi
1555 2460 1762 2528 fallor.
1859 2465 2260 2528 Honestiores
2306 2466 2478 2528 enim
2524 2465 2690 2529 inter
2737 2463 2974 2529 milites

591 2568 841 2639 Samios
888 2573 1108 2635 eodem
1152 2569 1291 2634 iure
1338 2567 1443 2632 hic
1489 2567 1538 2633 οἱ
1588 2565 1869 2645 βέλτιςοι
1917 2576 2031 2634 τῶν
2083 2566 2416 2649 ἀνθρώπων
2455 2569 2582 2635 dici
2607 2576 2969 2655 potuerunt.

586 2698 712 2763 quo
778 2698 916 2762 cap.
986 2695 1115 2760 seq.
1178 2674 1442 2739 dicitur:
1512 2671 1571 2745 ἔς
1639 2696 1710 2737 τε
1765 2676 1875 2750 τὴν
1923 2673 2141 2752 Σάμον
2190 2676 2461 2749 ἐλθόντες
2511 2676 2851 2754 &urle-acciu
2901 2702 2970 2741 τε

587 2790 728 2849 τῶν
790 2779 1215 2863 ἀνθρώπων
1266 2780 1452 2851 τοὺς
1502 2779 2012 2853 ἐπιτηδείους
2083 2781 2141 2852 ἐς
2190 2778 2572 2856 ξυνωμοσίαν
2621 2782 2734 2847 ubi
2781 2804 2970 2868 oppo-

588 2894 827 2954 nuntur
874 2888 925 2951 οἱ
975 2885 1216 2950 πολλοί.
1312 2884 1493 2964 Quod
1544 2889 1760 2949 autem
1810 2884 1889 2949 ad
1933 2888 2140 2970 ipsam
2179 2885 2502 2974 Madvigii
2543 2890 2970 2953 coniecturam

585 2997 816 3060 attinet
859 2992 1136 3079 legentis
1176 2988 1291 3058 ὥςε
1335 2992 1670 3068 μνησθῆναι
1723 2990 1858 3069 περ)
1907 2994 2097 3056 αὐτοῦ
2135 2994 2212 3063 ὥς
2247 2993 2544 3070 βελτίςου
2584 2996 2700 3057 τῶν
2741 2990 2969 3073 ἀνθρώ·

587 3124 740 3176 πων,
790 3119 918 3163 non
963 3098 1285 3182 reputavit
1329 3097 1431 3162 vir
1476 3097 1753 3161 eximius
1799 3117 1872 3162 eo
1919 3118 2104 3162 sensu
2147 3095 2464 3163 Graecum
2509 3120 2641 3164 esse
2678 3098 2967 3176 βέλτιςος

587 3204 809 3284 ἀνδρῶν
851 3206 988 3270 sive
1034 3200 1401 3281 ἀνθρώπων,
1454 3208 1566 3266 aut
1614 3202 1862 3267 πάντων
1903 3200 2256 3283 ἀνθρώπων,
2297 3204 2406 3269 sed
2445 3204 2718 3270 articulo
2755 3204 2968 3273 locum

586 3332 710 3381 non
760 3331 912 3377 esse.
1008 3306 1309 3374 Ceterum
1356 3313 1539 3373 acute
1587 3312 2019 3395 excogitatam
2066 3330 2197 3375 esse
2245 3314 2310 3375 et
2349 3312 2590 3395 optime
2631 3314 2968 3376 convenire

582 3427 720 3488 tam
768 3437 917 3483 cum
964 3416 1253 3500 sequenti
1300 3413 1553 3493 πονηρίαι
1593 3435 1784 3499 quam
1825 3436 1974 3479 cum
2014 3414 2294 3501 gloriosa
2333 3414 2690 3481 Alcibiadis
2727 3417 2965 3491 indole,

584 3524 835 3612 qualem
905 3520 1265 3606 praeclarus
1327 3520 1593 3603 scriptor
1652 3525 1788 3584 tam
1837 3522 2070 3583 eximie
2117 3519 2405 3604 depinxit
2453 3518 2545 3587 VI
2591 3520 2698 3599 89,
2749 3522 2969 3609 negari

572 3651 699 3699 non
762 3631 990 3712 potest.
1086 3624 1525 3689 Veruntamen
1586 3645 1846 3689 causam
1911 3624 2123 3690 deesse
2183 3625 2479 3691 idoneam
2541 3648 2654 3692 cur
2712 3626 2968 3714 Thucy-

577 3735 794 3801 didem
842 3730 1027 3799 aliter
1074 3732 1397 3814 scripsisse
1448 3731 1894 3795 existimemus
1915 3780 1931 3804 ,
1980 3750 2174 3815 quam
2221 3730 2373 3795 libri
2419 3736 2763 3811 testantur,
2815 3734 2970 3798 satis

570 3843 641 3907 ni
700 3836 887 3904 fallor
951 3835 1402 3901 demonstravi.
1495 3833 1570 3898 In
1636 3837 2046 3919 sequentibus
2099 3834 2357 3901 Classen
2403 3840 2647 3923 optime
2694 3840 2962 3926 agnovit

572 3941 988 4012 δυνατώτατοι
1040 3939 1233 4025 (quod
1281 3941 1598 4027 originem
1646 3940 1872 4005 debere
1913 3943 2197 4025 suspicor
2244 3942 2328 4022 τῷ
2379 3940 2846 4016 δυνατωτάτους
2894 3944 2962 4007 in

571 4048 981 4140 praegressis)
1050 4044 1484 4110 adulterinum
1542 4066 1675 4110 esse
1696 4096 1713 4130 ‚
1777 4051 1842 4109 et
1909 4045 2090 4113 valde
2155 4046 2322 4111 mihi
2371 4047 2778 4114 abblanditur
2826 4053 2965 4116 eius

570 4159 931 4225 coniectura
976 4172 1087 4236 pro
1134 4169 1207 4215 eo
1254 4150 1776 4215 substituendum
1823 4171 1955 4217 esse
2005 4152 2413 4237 κυβερνῆται,
2452 4152 2537 4220 cl.
2562 4152 2697 4219 VII
2745 4152 2851 4229 62,
2901 4154 2962 4220 4.

662 4258 824 4328 VIII
870 4256 977 4322 44.
1042 4256 1413 4338 Καμείρῳ
1478 4262 1589 4331 τῆς
1635 4256 1890 4329 Ῥοδίοις.
1940 4255 2009 4320 L.
2064 4257 2347 4340 Κωμίρῳ,
2397 4279 2551 4324 nam
2601 4265 2959 4326 constanter

569 4368 750 4443 tituli
811 4365 1013 4431 Attici
1073 4361 1310 4428 incolas
1374 4370 1601 4429 vocant
1663 4372 1942 4443 Καμιρῆς
1962 4412 1980 4448 ,
2043 4369 2108 4429 et
2155 4365 2224 4428 in
2275 4384 2420 4432 vero
2471 4366 2648 4430 urbis
2695 4369 2953 4432 nomine
