3369 5142
622 321 757 393 254
1617 342 2000 397 mmmm

623 518 804 582 ritut-
876 516 1159 595 Πόλεμος
1228 519 1282 584 δ’
1353 518 1629 600 ἄνδρεσσι
1703 522 1995 599 μελήσει,
2056 520 2155 585 uti
2217 520 2534 586 novimm.
2630 518 2727 584 Ex
2773 512 2996 583 eodem

622 630 806 709 poeta
847 624 1214 691 Meinekius
1262 626 1439 692 affert
1484 648 1548 712 p.
1602 624 1773 693 3¹78:

1121 734 1205 803 εἷς
1252 722 1503 811 ἐγγύας
1546 741 1764 812 τρεῖς
1814 735 2110 799 εἰσπεσὼν
2157 730 2497 814 οἶνηρέθην.,

628 838 795 924 quod
855 859 1001 905 sane
1057 839 1205 904 ferri
1250 844 1493 925 potest,
1540 840 1649 906 sed
1694 861 1839 906 cum
1887 841 2162 906 mutatio
2207 838 2550 905 admodum
2599 839 2836 925 exigua
2879 836 3000 911 sit,

627 945 885 1010 malim:

1170 1054 1256 1124 εἰς
1304 1050 1546 1131 ἐγγύας
1592 1053 1770 1132 τρὶς
1818 1055 2114 1119 εἷσπεσῶν
2163 1051 2481 1135 ἀνῃρέθην.

628 1156 753 1239 Qui
797 1158 904 1224 hic
949 1156 1235 1243 loquitur
1252 1206 1267 1233 ‚
1316 1164 1412 1223 ter
1458 1160 1729 1243 deincep-e
1772 1158 2089 1225 fortunam
2137 1160 2466 1225 adversam
2509 1158 2760 1224 habuit.

714 1366 923 1434 Venio
990 1367 1070 1434 ad
1138 1366 1473 1433 Alexidem
1544 1375 1610 1433 et
1676 1370 1962 1454 primum
2031 1370 2396 1436 videbimus
2464 1370 2543 1435 de
2605 1368 2964 1459 fragmento
2985 1420 3002 1454 ‚

624 1474 792 1560 quod
843 1474 1204 1540 Athenaeus
1252 1472 1317 1538 X
1362 1494 1425 1559 p.
1476 1472 1601 1538 431
1653 1472 1713 1539 D
1759 1478 2056 1540 servavit.
2153 1474 2228 1541 In
2275 1474 2588 1561 colloquio
2633 1474 2885 1541 Solonis
2934 1481 3000 1541 et

626 1582 892 1665 Aesopi,
954 1579 1060 1646 hic
1110 1580 1527 1646 Athenienses
1574 1579 1821 1657 laudat,
1873 1581 2040 1666 quod
2087 1601 2263 1647 mero
2312 1581 2630 1648 abstinent
2673 1586 2741 1648 in
2787 1584 3001 1648 convi-

627 1690 750 1753 viis
766 1708 783 1767 3
832 1684 1157 1752 contendit
1198 1684 1387 1751 Solon
1426 1687 1816 1772 cauponibus
1853 1687 1973 1753 hoc
2015 1687 2426 1753 tribuendum
2469 1708 2601 1753 esse
2621 1737 2637 1768 ‚
2679 1691 2791 1774 qui
2831 1694 3003 1754 ante·

628 1814 820 1880 quam
878 1792 1190 1878 vendant,
1253 1794 1478 1858 vinum
1526 1813 1689 1877 aqua
1734 1791 1987 1859 diluant
2034 1798 2100 1859 et
2145 1798 2366 1860 curent
2411 1816 2489 1861 ne
2537 1796 2640 1860 cui
2687 1800 2878 1882 caput
2923 1816 3000 1861 ex

628 1899 886 1987 crapula
930 1898 1174 1965 doleat:

1508 2006 1678 2070 τοῦτ’
1725 2003 1883 2082 ἔσθ’,
1933 2006 2096 2089 δρᾷς,
2146 2007 2506 2081 Ἑλληνικός

1081 2110 1177 2177 πό
1193 2136 1351 2185 τος,
1400 2112 1695 2191 μετρίοισι
1740 2111 2090 2191 χρωμένους
2137 2112 2436 2193 ποτηρίοις

1076 2225 1297 2282 λοιλεῖν
1344 2241 1402 2281 τι
1451 2216 1555 2282 καὶ
1607 2224 1808 2295 ληρεῖν
1859 2218 2001 2297 πρὸς
2056 2218 2279 2292 αὐτοὺς
2331 2217 2535 2294 ἡδέως·

1083 2328 1152 2390 τὸ
1198 2325 1312 2401 μὲν
1358 2320 1554 2403 ἕτερον
1600 2324 1726 2403 γὰρ
1772 2322 2018 2404 λουτρόν
2065 2326 2225 2404 ἕσιν,
2275 2326 2340 2390 οὔ
2389 2325 2611 2412 πότος,

1080 2435 1343 2510 ψυκτῆρι
1391 2430 1584 2495 πίνειν
1631 2430 1737 2494 καὶ
1787 2430 2030 2504 κάδοις·
2079 2428 2352 2505 θάνατος
2407 2432 2522 2509 μὲν
2567 2429 2683 2497 οὖν.

633 2542 777 2609 Non
838 2546 933 2606 est
994 2538 1100 2604 hic
1166 2537 1522 2611 Ἐλληνικὸς
1590 2536 1770 2612 πότος
1843 2538 1953 2604 sed
2017 2538 2338 2618 τρόπος,
2389 2539 2557 2626 quod
2601 2540 2800 2605 miror
2846 2556 3005 2623 quo-

634 2646 823 2713 modo
870 2647 1073 2710 aciem
1113 2645 1476 2709 criticorum
1515 2643 1790 2732 effugere
1831 2647 2146 2730 potuerit3
2188 2645 2414 2711 deinde
2453 2648 2736 2732 Aesopus
2775 2647 3006 2729 estqui

632 2753 987 2840 respondit:
1056 2750 1314 2821 θάνατος
1372 2753 1485 2828 μὲν
1546 2747 1645 2816 οὖν
1664 2798 1680 2829 ,
1731 2771 1892 2838 quae
1937 2751 2132 2817 verba
2174 2752 2364 2818 hodie
2411 2773 2740 2838 perperam
2787 2749 3006 2817 Soloni

632 2862 1100 2926 continuantur.
1166 2855 1327 2922 Vide
1381 2857 1764 2942 particulam
1826 2857 1940 2934 μὲν
1980 2850 2079 2920 οὖν
2125 2858 2348 2924 eodem
2394 2858 2584 2925 modo
2630 2863 2998 2944 usurpatam

633 2968 827 3032 Arist.
874 2963 1047 3028 Plut.
1100 2960 1269 3027 913:

907 3079 1008 3135 Δι.
1103 3068 1443 3148 εὐεργετεῖν
1490 3064 1587 3133 οὖν
1634 3070 1723 3137 ἕςι
1769 3068 1839 3132 τὸ
1887 3077 2465 3149 πολυπραγμονεῒνς

905 3188 1018 3243 Συ.
1104 3175 1173 3239 τὸ
1220 3175 1334 3253 μὲν
1378 3169 1475 3239 οὖν
1521 3172 1778 3252 βοηθεῖν
1826 3182 1949 3248 τοῖς
2000 3172 2200 3251 νόμοις
2247 3183 2373 3249 τοῖς
2422 3175 2763 3260 κειμένοις.,

642 3293 707 3354 et
752 3303 973 3351 omnes
1019 3285 1113 3348 ita
1156 3281 1526 3368 loquuntur.

722 3497 1185 3584 Fragmentum
1256 3495 1539 3561 eiusdem
1610 3500 1832 3581 poetae
1899 3515 2000 3581 ap.
2061 3495 2215 3561 Ath.
2279 3493 2438 3562 XIII
2499 3517 2563 3582 p.
2615 3495 2745 3562 606
2792 3499 2851 3563 A
2913 3500 3006 3562 ita

634 3604 929 3690 suppleo:
1678 3603 1692 3608 ’

996 3708 1306 3796 (πάλαι)
1357 3708 1694 3787 γεγένηται
1742 3708 1818 3792 δ’,
1865 3711 1942 3778 ὥς
1988 3706 2279 3786 λέγουσι,
2331 3709 2448 3773 κοξν
2495 3708 2696 3790 Σάμῳ

999 3810 1226 3880 τοιοῦθ’
1275 3811 1495 3894 ἕτερον.

634 3931 698 3990 et
740 3923 977 3988 Athen.
1026 3919 1186 3986 XIII
1228 3942 1291 4007 p.
1342 3919 1473 3988 563
1519 3920 1611 3986 D:

1080 4031 1171 4100 ὡς
1216 4023 1340 4099 ὅςις
1389 4029 1583 4102 αὐτῆς
1629 4037 1742 4101 τῆς
1789 4027 1997 4105 ἀκμῆς
2045 4034 2162 4092 τῶν
2207 4028 2510 4107 σωμάτων

1075 4133 1215 4217 ἐρᾷ,
1263 4131 1366 4196 τὸν
1414 4132 1605 4198 ἄλλον
1654 4133 1706 4197 δ’
1752 4133 1885 4198 οὐδὲ
1931 4133 2263 4212 γιγνώσκει
2309 4135 2531 4213 λόγον,

1082 4247 1193 4313 τῆς
1239 4237 1445 4314 ἡδονῆς
1492 4237 1606 4316 ἶς’,
1654 4237 1800 4321 οὐχὶ
1847 4243 1966 4304 τῶν
2009 4240 2211 4322 φίλων
2257 4239 2488 4322 φίλος.,

631 4352 887 4417 omnino
932 4345 1191 4414 malim:
1246 4348 1403 4418 ποῖς
1453 4340 1601 4420 ὅςις.
