3369 5142
125 4193 352 4316 ¹217

605 312 737 383 270
1610 332 1950 387 mutuos.

604 508 756 573 bant
801 526 994 591 quam
1038 514 1149 571 ποῖ
1190 505 1457 590 ἄλλῳ-ε,
1502 510 1619 571 ποῦ
1666 506 1918 585 ἄλλοθι,
1970 510 2034 571 et
2079 504 2312 572 ἄλλοσέ
2357 528 2488 583 τοι,
2537 502 2756 571 ἄλλοθί
2799 528 2917 571 που
2936 552 2955 583 ,

602 612 711 677 sed
778 615 929 698 quia
987 610 1285 678 Graeculi
1344 614 1575 679 vitiosa
1634 634 1752 679 sua
1812 612 2091 697 συνηθείᾳ
2155 612 2447 678 dicebant
2501 614 2616 676 ποῦ
2665 608 2844 691 ἄπας
2893 617 2960 677 et

600 717 840 782 similia.
906 723 1195 783 sexcenta
1261 718 1692 805 (Phrynichus
1753 718 2030 784 Lobeck.
2092 738 2235 805 pag.
2305 716 2454 802 43),
2512 716 2628 783 has
2673 716 2958 783 maculas

596 825 835 909 passim
894 822 1203 889 Veterum
1259 827 1510 909 scriptis
1559 824 1980 891 affricuerunt.
2073 823 2528 911 Exemplorum
2574 821 2764 909 plena
2807 828 2957 889 sunt

600 931 832 995 omnia.
878 929 954 994 In
994 930 1434 1015 Aristophanis
1479 930 1711 1015 Equiti.
1759 952 1854 997 vs.
1907 927 2101 995 1032.

868 1034 1143 1110 ἐξέδεταί
1184 1059 1289 1100 σου
1335 1030 1557 1115 τοῦψον
1612 1032 1764 1101 ὅταν
1809 1036 1884 1102 σύ
1933 1044 2082 1101 ΠΟῙ
2133 1033 2364 1100 ἄλλοσε
2411 1034 2681 1118 χάσκῃς.

594 1144 663 1208 in
706 1142 1071 1209 Ravennate
1114 1141 1279 1208 libro
1324 1147 1421 1207 est
1454 1138 1605 1207 ὅταν
1640 1142 1718 1208 σύ
1765 1165 1815 1207 π
1834 1165 1861 1207 ο
1883 1166 1916 1205 υ
1964 1138 2198 1208 ἄλλοσε
2220 1193 2236 1220 ,
2279 1143 2445 1229 quod
2483 1142 2740 1229 perinde
2783 1162 2956 1208 men-

596 1250 822 1316 dosum
870 1254 965 1315 est
1008 1254 1197 1332 atque
1242 1254 1351 1312 ποῖ
1389 1246 1601 1315 ἄλλοθι
1648 1248 1817 1333 apud
1862 1250 2342 1334 Antiphontem.

687 1459 868 1540 Quod
911 1460 1131 1525 scribit
1182 1459 1581 1525 doctissimus
1626 1460 1852 1526 Editor
1891 1462 1961 1525 in
2007 1459 2403 1527 Praefatione
2439 1481 2589 1548 pag.
2629 1457 2953 1524 XXXIX:

601 1567 710 1644 „in
756 1567 979 1653 formis
1034 1566 1337 1631 verborum
1396 1589 1625 1649 operam
1684 1568 1825 1630 dedi
1869 1574 1938 1630 ut
1979 1568 2120 1631 haec
2162 1566 2528 1653 eloquentiae
2571 1566 2803 1631 Atticae
2847 1574 2980 1628 ane¹

598 1674 959 1758 tiquim‘mae
994 1684 1381 1757 monvmento,
1427 1674 1624 1760 quoad
1663 1679 1791 1737 eim
1818 1673 1974 1756 fieri
2007 1686 2218 1758 posset,
2271 1696 2415 1739 suae
2457 1674 2671 1738 aetatis
2709 1677 2952 1757 speeiem

597 1778 1064 1863 remaperarent?
1124 1778 1191 1844 id
1246 1780 1314 1843 in
1356 1778 1585 1844 multis
1629 1778 1970 1869 diiigenter
2013 1780 2166 1846 fecit
2211 1780 2319 1847 sed
2365 1801 2490 1847 non
2534 1778 2953 1867 spernendum

598 1885 779 1950 nobis
822 1884 1227 1973 spicilegium
1272 1884 1551 1971 reliquit.

684 1989 981 2056 Primum
1028 1990 1251 2056 multis
1293 1990 1448 2056 locis
1494 1995 1858 2056 consuetam
1905 1992 2138 2059 Atticis
2184 1997 2248 2058 et
2292 1994 2706 2059 necessariam
2745 1991 2953 2057 elisio-

596 2116 746 2162 nem
806 2100 916 2161 aut
978 2098 1183 2162 cresin
1241 2096 1526 2186 neglexit
1583 2117 1620 2162 a
1680 2098 1900 2162 scribis
1946 2100 2233 2164 omnium
2279 2098 2590 2165 librorum
2636 2098 2956 2164 obscurari

600 2202 871 2268 solitam.
934 2201 1052 2267 Vel
1109 2201 1243 2268 sola
1306 2202 1475 2268 auris
1534 2202 1835 2269 admonet
1892 2204 2124 2270 vitiosa
2179 2226 2313 2270 esse
2358 2201 2424 2271 εὖ
2470 2201 2621 2271 οἷδΛ
2667 2202 2756 2268 ὅτι
2780 2254 2796 2279 ,
2848 2206 2954 2269 οὐκ

595 2304 744 2372 olea
810 2304 1005 2384 ὅπως,
1071 2318 1253 2387 παρΑ
1318 2308 1652 2382 Ἀθηναίοις
1667 2356 1686 2386 ,
1751 2311 1955 2386 ὀλΙγΛ
2017 2307 2223 2389 ἄττα,
2272 2322 2496 2377 mmm
2544 2309 2712 2377 ἄττα
2761 2317 2826 2378 et
2871 2313 2954 2377 si-

597 2412 783 2479 milia
836 2414 935 2479 his
975 2420 1282 2480 sexcenta.
1377 2412 1633 2501 Optime
1676 2415 1798 2481 hoc
1841 2418 2076 2481 senties
2119 2420 2174 2482 si
2219 2418 2412 2483 verba
2457 2422 2776 2484 oratorum
2823 2416 2956 2484 alta

598 2538 751 2586 voce
782 2519 995 2608 legere
1026 2526 1139 2586 aut
1182 2522 1378 2587 etiam
1394 2570 1413 2606 ,
1461 2524 1640 2607 quasi
1684 2524 1820 2608 ipse
1867 2523 2132 2608 diceres,
2181 2544 2369 2613 agere
2413 2526 2810 2592 consueveris
2827 2570 2845 2597 .
2883 2521 2954 2588 id

598 2627 765 2711 quod
821 2626 1149 2713 discipulis
1200 2631 1363 2692 meis
1406 2627 1625 2694 sedulo
1666 2627 1982 2696 inculcare
2026 2637 2090 2696 et
2139 2631 2430 2718 exemplo
2474 2634 2716 2718 praeire
2761 2629 2949 2696 soleo.

595 2729 669 2796 In
736 2732 857 2798 hoc
916 2738 1051 2798 tam
1110 2733 1329 2819 rapido
1388 2734 1728 2800 verborum
1783 2734 2048 2802 flumine
2107 2737 2409 2803 molestae
2455 2737 2702 2806 vocales
2745 2738 2951 2804 veluti

596 2857 711 2902 sua
771 2844 989 2924 sponte
1046 2838 1346 2904 excidunt
1361 2885 1379 2916 ,
1444 2839 1610 2924 quod
1654 2842 1780 2904 nisi
1823 2839 1936 2906 fiat
1977 2842 2195 2908 hiulca
2237 2845 2438 2910 oratio
2481 2846 2696 2931 inepte
2741 2849 2806 2909 te
2849 2863 2950 2908 re-

594 2943 829 3028 linquit
871 2945 1175 3010 hiantem.
1236 2943 1459 3030 Itaque
1503 2943 1889 3032 Antiphonti
1935 2947 2323 3015 reddendum
2366 2952 2620 3036 saepius
2663 2944 2746 3022 οἶς
2793 2949 2950 3026 ἧκες·

599 3049 819 3132 ἐχρῆν,
886 3049 997 3132 ὑφ’
1058 3048 1134 3115 ὦν
1180 3047 1335 3126 ἥκεις’
1383 3054 1601 3135 ἐχρῆν,
1648 3053 1762 3117 ubi
1808 3053 2030 3120 Editor
2073 3051 2272 3130 {isam-A
2310 3057 2626 3122 intactum
2669 3053 2951 3140 reliquit.

595 3153 1049 3240 Reponendum
1110 3160 1203 3221 est
1268 3157 1458 3229 καλός
1522 3181 1592 3222 τε
1643 3157 1953 3242 κάγαθός,
1999 3180 2188 3226 nemo
2233 3164 2402 3225 enim
2451 3159 2554 3224 και)
2601 3161 2838 3240 ἀγαθός
2885 3161 2956 3225 in

592 3281 671 3326 ea·
712 3282 779 3327 re
820 3262 1091 3328 dicebat.
1181 3260 1406 3328 Aelius
1451 3261 1800 3350 Dionysius
1844 3265 2012 3350 apud
2057 3265 2364 3332 Photium
2412 3289 2475 3334 v.
2523 3292 2561 3333 κ
2579 3292 2622 3332 σι
2640 3267 2778 3341 Aac
2823 3269 2950 3332 καὶ·

592 3366 840 3446 ymon
887 3367 1151 3446 λέγεται
1197 3368 1366 3432 κατὰ
1415 3371 1828 3451 συναλοιφήν,
1875 3371 2017 3450 οὐχὶ
2066 3373 2314 3443 καλὸς
2361 3373 2498 3437 καὶ
2545 3372 2880 3452 ἀγαθός.

682 3475 1132 3561 Reponendum
1178 3481 1273 3540 est
1318 3475 1421 3540 κω)
1472 3477 1506 3551 ἦ
1552 3479 1752 3556 μήτηρ
1797 3477 1988 3541 αὐτοῦ
2035 3479 2400 3552 &viimam-³
2443 3479 2550 3554 ἄν,
2597 3501 2710 3566 pro
2747 3481 2950 3556 ἀπήλ-

593 3589 817 3645 λακτο
882 3579 979 3646 ἄν.
1042 3579 1305 3666 Semper
1364 3583 1535 3646 enim
1598 3589 1895 3667 sequente
1941 3579 2018 3646 ἄν
2061 3583 2394 3668 potentiali
2438 3589 2764 3651 omittitur
2807 3593 2834 3650 1
2881 3588 2950 3651 in

593 3687 895 3771 optativis
954 3684 1195 3764 λέγοιμ’
1260 3685 1369 3771 ἄν,
1418 3684 1647 3765 εἴποιμ’
1695 3687 1808 3766 ἄν,
1858 3690 2179 3766 ποιήσαιμ’
2229 3689 2336 3775 ἄν,
2383 3695 2447 3756 et
2493 3702 2548 3757 Ο
2597 3693 2666 3757 in
2707 3694 2946 3778 imper·-

591 3791 756 3857 fecto
822 3797 888 3856 et
946 3791 1559 3878 plusquamperfecto
1620 3798 1687 3858 et
1741 3797 2045 3880 optativis
2089 3792 2382 3875 ἐξῄει-σις’
2432 3794 2530 3875 ἄν,
2579 3797 2802 3874 γένοιτ’
2850 3793 2950 3870 ἄν,

594 3895 1035 3982 similibusque
1078 3900 1392 3964 omnibns.

682 4004 877 4070 Recte
936 4003 1159 4070 Editor
1225 4004 1667 4090 imperfectum
1739 4003 1776 4078 ἦ
1847 4007 2062 4095 (παρῆ)
2125 4029 2284 4072 eram
2345 4029 2420 4074 ex
2479 4007 2670 4097 longo
2724 4009 2950 4076 exsilio

593 4111 878 4188 reduxit,
926 4119 1093 4175 recte
1140 4112 1206 4174 in
1254 4109 1883 4196 plusquamperfectis
1921 4113 2028 4195 ἤδη
2071 4117 2322 4200 scripsit
2361 4119 2424 4180 et
2460 4112 2711 4200 ξυνῇδη,
2753 4119 2949 4182 etiam

596 4217 860 4301 ᾔδησθα,
908 4216 1015 4282 sed
1061 4217 1131 4282 in
1175 4217 1360 4280 tertia
1403 4236 1665 4301 persona
1692 4255 1774 4266 -
1803 4225 1880 4281 el
1921 4217 2098 4284 dedit
2135 4225 2279 4285 ants
2318 4219 2603 4288 vocalem
2647 4221 2798 4288 112.
2823 4223 2948 4288 21:

596 4319 662 4388 εὖ
708 4324 862 4406 ᾔδΕῙ
908 4319 997 4387 ὅτι
1045 4341 1155 4407 pro
1203 4321 1391 4403 ᾔδειν,
1444 4320 1592 4387 113.
1630 4321 1750 4387 28:
1791 4321 1954 4388 οὕτω
1993 4325 2120 4404 γὰρ
2161 4325 2316 4407 ᾓδΕΙ
2360 4325 2474 4390 ὑπὸ
2511 4335 2622 4403 τῆς
2646 4331 2948 4410 μητρυιᾶς

594 4426 1039 4508 ἔξεισι-κτωμένη
1092 4447 1205 4513 pro
1252 4426 1409 4508 ᾔδειν
1454 4433 1519 4493 et
1564 4427 1708 4494 aliis
1753 4428 1928 4494 locis.
