3369 5142
1341 335 1770 392 mmmm.
2619 318 2745 394 1¹71

358 519 543 596 Φυγῇ
606 510 1021 594 ζημιώσαντες
1082 513 1187 580 καὶ
1252 514 1429 580 αὐτοὶ
1478 516 1587 588 τὴν
1634 520 1758 592 γῆν
1803 514 2004 580 αὐτῶν
2056 512 2158 580 καὶ
2207 515 2402 586 οἰκίαις
2451 511 2754 594 νειμάμε-

361 642 483 704 νοι,
554 621 639 685 τὰ
699 622 891 686 λοιποὶ
957 620 1199 702 διῴκουν
1256 623 1365 694 τὴν
1427 618 1626 685 πόλιν.
1726 619 1947 705 Itaque
2011 623 2220 687 omnis
2269 622 2554 706 potentia
2601 625 2754 686 tunc

362 726 441 792 ab
504 726 924 812 optimatibus
986 728 1321 794 transierat
1382 727 1461 794 ad
1525 725 1814 811 plebem,
1864 747 2066 812 neque
2113 729 2318 814 igitur
2367 729 2462 793 ita
2511 728 2754 792 mirum

360 828 501 898 loco
546 833 622 898 de
668 852 793 917 quo
837 853 1007 898 nune
1054 835 1311 920 agimus
1352 839 1669 916 populares
1717 834 1938 899 eodem
1979 835 2238 900 nomine
2277 833 2418 906 τοὺς
2460 832 2754 904 δυνατούς

363 937 707 1024 appellari,
772 959 901 1024 quo
956 938 1072 1006 illo
1120 939 1300 1026 dictis
1326 940 1576 1006 fuerant
1622 938 1952 1022 optimates.
2045 939 2260 1006 Movit
2308 946 2526 1006 autem
2577 937 2756 1005 Vati·

365 1045 511 1110 cani
579 1044 814 1110 codicis
884 1046 953 1110 in
1010 1043 1131 1112 hoc
1192 1043 1357 1111 libro
1416 1046 1806 1130 praestantia
1868 1041 2266 1112 Classenium
2333 1050 2408 1110 ut
2453 1044 2626 1111 VIII
2673 1044 2757 1112 21

368 1150 673 1216 scriberet
717 1150 856 1222 τοὺς
904 1149 1155 1222 πάντας
1199 1158 1317 1217 τῶν
1364 1149 1960 1216 δυνατωτάτων
1987 1200 2004 1228 ,
2053 1171 2192 1237 cap.
2243 1150 2350 1225 63.
2401 1150 2442 1216 3
2481 1151 2760 1231 προυτρέ-

368 1259 572 1328 ψοιντο
631 1256 773 1328 τοὺς
834 1239 1485 1329 δυνατωτάτους.
1582 1255 1710 1323 Pro
1767 1277 1842 1322 ea
1897 1256 2169 1324 lectione
2229 1257 2366 1322 illic
2424 1257 2590 1322 mihi
2634 1255 2757 1322 hoc

371 1363 697 1447 imprimis
754 1362 961 1428 faeere
1018 1362 1274 1430 videtur
1333 1362 1500 1447 quod
1548 1370 1662 1427 τῶν
1714 1364 1982 1428 δυνκτῶν
2025 1368 2171 1449 post
2215 1383 2580 1450 praegressa
2624 1367 2764 1428 tur-

369 1471 539 1555 piter
599 1468 981 1545 abundaret,
1048 1467 1157 1534 hic
1218 1487 1368 1535 vero
1415 1467 1582 1553 qnod
1630 1489 1756 1533 non
1803 1488 1997 1552 aeque
2047 1467 2232 1534 facile
2278 1469 2420 1541 τοὺς
2468 1467 2760 1542 δυνατούς

370 1595 443 1642 ac
507 1575 649 1649 τοὺς
714 1569 1217 1651 δυνατωτάτους,
1283 1575 1326 1638 i.
1355 1595 1411 1638 e.
1476 1594 1581 1639 eos
1646 1575 1758 1660 qui
1805 1579 1946 1639 tum
1995 1574 2222 1660 opibus
2270 1579 2334 1640 et
2381 1575 2762 1640 auctoritate

369 1683 656 1749 maxime
722 1679 1085 1767 pollebant,
1164 1679 1244 1744 ad
1300 1699 1497 1744 novas
1542 1699 1641 1744 res
1687 1677 2044 1744 moliendas
2091 1699 2158 1744 se
2206 1683 2608 1764 permotus-os
2654 1677 2762 1743 Pi·

372 1787 599 1854 sander
655 1786 975 1870 ceterique
1035 1783 1237 1870 legati
1298 1790 1592 1870 poterant
1637 1803 1906 1869 sperare.
1998 1783 2268 1849 Prorsus
2313 1788 2532 1849 contra
2577 1805 2762 1869 repu-

375 1892 605 1958 dianda
644 1892 900 1960 videtur
940 1889 1201 1956 Velseni
1233 1891 1595 1956 coniectura
1620 1889 2128 1964 ἐπωνοιςήσοιντες
2153 1911 2268 1975 pro
2293 1889 2762 1968 ἐπωνοοςοέντοος,

375 1998 527 2084 quia
561 2017 687 2064 non
722 2000 859 2083 ipse
896 1996 1205 2062 Pisander
1243 2016 1359 2061 nec
1396 1995 1465 2061 X
1498 1995 1704 2082 legati
1745 1993 2032 2061 Samiam
2075 1995 2325 2082 plebem
2353 2003 2572 2062 contra
2595 1996 2761 2082 opti-

378 2110 589 2171 mates
632 2103 1073 2170 incitaverant.
1123 2101 1251 2168 Sed
1292 2105 1481 2190 gravi
1529 2101 1904 2168 difficultate
1940 2102 2154 2168 locum
2195 2105 2434 2188 premit
2465 2102 2760 2170 additum

378 2211 675 2286 ἀλλήλοις
694 2261 715 2285 ,
794 2230 909 2276 nec
976 2209 1327 2294 quidquam
1386 2208 1716 2273 lucramur
1771 2208 2009 2274 Debrei
2068 2211 2430 2275 coniectura
2490 2209 2755 2282 ἑαυτοῖς.

378 2315 771 2384 Persuasum
832 2316 999 2381 mihi
1059 2320 1155 2380 est
1212 2314 1656 2401 corrigendum
1707 2334 1841 2380 esse
1883 2314 2106 2395 καίπερ
2155 2315 2600 2388 §rava-rainae
2651 2317 2759 2381 αὖ·

380 2425 519 2496 τοὺς
574 2421 745 2503 (τότε
789 2422 943 2507 τοῖς)
991 2419 1313 2504 ἄλλοις,
1360 2417 1457 2484 ἵνα
1506 2422 1595 2499 μὴ
1641 2419 2128 2500 ὃλιγοιρχῶντωι.
2175 2421 2277 2487 Ad
2322 2421 2467 2487 τότε
2507 2422 2584 2487 cf.
2614 2443 2675 2488 v.
2707 2443 2762 2487 e.

380 2528 487 2609 73,
541 2528 577 2595 1
640 2529 693 2595 οἱ
756 2528 883 2609 γὰρ
940 2525 1121 2593 τότε
1169 2531 1285 2593 τῶν
1334 2527 1591 2606 Σαμίων
1641 2525 2074 2599 zavan-auree
2121 2534 2248 2601 τοῖς
2299 2526 2599 2606 δυνατοῖς,
2653 2527 2764 2594 ubi

384 2636 690 2703 similiter
734 2636 1073 2720 respicitur
1110 2634 1189 2700 ad
1236 2654 1373 2721 cap.
1420 2633 1529 2699 21.

472 2740 545 2805 In
606 2741 1015 2826 sequentibus
1074 2741 1291 2807 verbis
1349 2740 1387 2824 fi
1438 2737 1479 2805 3
1528 2738 1633 2805 καὶ
1682 2738 1745 2802 ἐν
1790 2741 2006 2821 σφίσιν
2052 2741 2264 2811 αὐτοῖς
2314 2734 2460 2818 ἅμα
2511 2776 2592 2789 -
2642 2764 2765 2807 κοι-

382 2846 805 2924 νολογούμενοι
870 2844 1216 2927 ἐσκέψαντο
1281 2843 1693 2923 ’Λλκιβιοὶδην
1741 2846 1856 2923 μέν
1881 2894 1898 2922 ,
1949 2846 2274 2927 ἐπειδήπερ
2321 2848 2387 2911 οὐ
2432 2845 2768 2924 βούλεται,

379 2953 489 3016 ἐᾶν
542 2990 623 3001 —-
651 2988 734 3000 —-
784 2950 1008 3021 αὐτοὺς
1054 2951 1107 3016 δ’
1156 2951 1256 3015 ἐπὶ
1306 2953 1479 3033 σφῶν
1525 2952 1760 3035 αὐτῶν,
1808 2952 1885 3023 ὦς
1935 2950 2045 3027 ἤδη
2091 2952 2194 3017 καὶ
2245 2952 2765 3031 κινδυνεύοντας,

378 3060 517 3141 δρᾶν
566 3054 680 3141 ὅτῳ
728 3057 931 3139 τρόπῳ
978 3058 1067 3135 μὴ
1112 3058 1478 3132 οὶνεθήσετοιι
1527 3057 1613 3121 τοὶ
1664 3055 2029 3136 πράγματα
2079 3060 2183 3124 καὶ
2226 3060 2310 3125 τοὶ
2351 3062 2457 3123 τοῦ
2496 3059 2768 3139 πολέμου

372 3164 665 3246 ἀντέχειν
748 3164 853 3229 καὶ
941 3163 1218 3244 ἐσφέρειν
1304 3164 1577 3236 αὐτοὺς
1645 3164 1716 3227 ἐκ
1785 3169 1902 3227 τῶν
1973 3164 2131 3229 ἰδίων
2204 3164 2375 3231 οἴκων
2451 3164 2766 3246 προθύμως

372 3276 689 3353 χρήματα
738 3308 821 3321 -
870 3270 948 3343 ὡς
1008 3268 1205 3335 οὐκέτι
1257 3266 1473 3339 ἄλλοις
1524 3273 1557 3345 ἢ
1608 3269 1824 3350 σφίσιν
1872 3269 2082 3341 αὐτοῖς
2129 3277 2769 3351 τωλοιιπωροῦντοις

372 3378 451 3445 de
520 3399 699 3445 more
768 3378 847 3444 ad
909 3375 1365 3461 interpretandi
1431 3373 1700 3441 artificia
1757 3374 2138 3462 confugiunt
2197 3383 2728 3443 commentatores
2745 3428 2766 3453 .

371 3503 645 3569 quorum
691 3482 1231 3568 prudentissimus
1278 3479 1543 3546 Classen
1591 3482 1718 3546 sic:
1769 3480 2198 3561 »σκέψασθαιε
2252 3484 2320 3547 in
2368 3483 2478 3547 der
2522 3482 2768 3549 seltnen

374 3588 833 3677 „Bedeutungz
904 3587 1067 3653 nach
1136 3606 1421 3675 genauer
1488 3584 1950 3675 Ueberlegung
2019 3586 2473 3673 besehliessen,
2541 3610 2767 3657 wovon

375 3694 671 3773 „zuehrst
716 3695 855 3772 ἐᾶν,
912 3693 1036 3758 dan
1085 3694 1235 3758 aber
1280 3694 1401 3758 wie
1448 3712 1573 3758 von
1622 3695 1835 3759 einem
1884 3693 2066 3759 darin
2111 3691 2448 3781 liegenden
2495 3695 2616 3761 δεῖν
2657 3696 2769 3763 der

370 3802 517 3867 Aee.
584 3821 640 3867 c.
704 3798 817 3864 Inf.
886 3798 1111 3869 αὐτοὺς
1162 3836 1247 3847 --
1296 3798 1438 3877 δρᾶν
1501 3798 1850 3885 abhangt.”
1941 3798 2036 3865 At
2102 3800 2442 3867 manifesto
2505 3804 2599 3867 sic
2663 3804 2765 3869 vis

368 3906 638 3973 infertur
700 3912 835 3971 tam
882 3905 1203 3971 constanti
1246 3906 1587 3971 verborum
1636 3903 2090 3993 significationi
2140 3910 2316 3991 (nam
2368 3918 2617 3976 σκοπεῖν
2670 3915 2768 3976 est

367 4014 731 4091 deliberare,
775 4032 901 4077 non
948 4012 1281 4089 decernere)
1329 4032 1521 4096 quam
1569 4013 1843 4097 syntaxi,
1898 4031 2058 4097 quae
2105 4012 2223 4077 hoc
2267 4016 2534 4079 verbum
2581 4018 2767 4103 iungi

366 4120 547 4186 iubet
592 4124 707 4185 aut
750 4139 901 4185 cum
946 4112 1107 4187 ὅπως
1157 4124 1269 4181 aut
1312 4137 1463 4183 cum
1510 4115 1822 4183 vocabulo
1868 4119 2349 4205 interrogativo.
2453 4120 2585 4187 Nec
2627 4123 2758 4187 iam

367 4224 649 4291 sufficere
709 4230 863 4310 puto
926 4222 1097 4308 quod
1154 4223 1511 4289 statuebam
1578 4224 1750 4287 stud.
1825 4224 2006 4287 Thac.
2071 4244 2133 4308 p.
2190 4222 2316 4290 107
2365 4227 2758 4291 accusativos

368 4332 435 4394 in
496 4333 919 4395 nominativos
968 4328 1307 4393 mutandos
1354 4349 1521 4404 esse,
1572 4330 1681 4393 sed
1729 4327 2056 4414 probabile
2105 4330 2269 4394 mihi
2316 4330 2572 4397 videtur
2621 4338 2762 4416 post

366 4437 721 4517 σκέψαισθκι
762 4437 1068 4501 excidisse
1116 4434 1317 4499 alium
1370 4432 1784 4513 infinitivum,
1837 4434 2003 4499 unde
2041 4435 2372 4501 commode
2416 4436 2762 4521 penderent
