3369 5142
1368 320 1796 372 rnucrnmn.
2637 302 2771 369 293

487 495 639 582 Cap.
706 494 783 579 8,
849 495 889 560 3
953 495 1059 560 καὶ
1121 496 1172 559 οἱ
1237 494 1349 572 μὲν
1411 493 1642 577 ᾤχοντο
1701 494 1984 573 Φέροντες
2048 492 2174 568 οὓς
2240 495 2638 564 ἆπὲςειλε
2683 494 2770 559 τὰ

396 603 763 683 γράμματα
810 602 913 667 καὶ
982 596 1124 665 ὅσα
1180 600 1335 666 ἔδει
1386 602 1691 673 αὐτοὺς
1741 604 2041 667 εἰπεῖν·
2091 604 2118 669 ὃ
2167 604 2230 669 δὲ
2278 603 2448 669 κατὰ
2503 603 2572 667 τὸ
2623 627 2770 682 ςρα-

396 712 647 777 τόπεδον
697 710 827 773 κτὲ.
922 707 1212 794 Speciem
1262 708 1453 773 habet
1498 709 1664 793 quod
1713 710 1981 775 coniecit
2025 710 2345 797 Pluygers
2391 708 2676 789 φέροντες
2727 703 2770 774 ἃ

397 817 717 891 ἐπέςειλε,
782 814 987 880 deleto
1050 814 1135 879 τὰ
1182 813 1583 898 γράμματα,
1633 822 1698 879 et
1745 822 1914 881 recte
1961 816 2090 881 dici
2133 819 2344 901 potuit
2390 816 2676 896 φέροντες
2723 810 2767 880 ἃ

397 922 713 997 ἐπέςειλε,
763 921 871 986 sed
918 920 1071 1005 quid
1118 940 1347 1005 quaeso
1395 928 1490 985 est
1538 920 1924 1001 Φέροντες
1967 918 2082 986 ὅσα
2123 922 2241 986 ἔδει
2285 922 2506 993 αὐτοὺς
2532 918 2770 985 εἰπεῖν’.)

396 1030 685 1117 Ambigo
750 1027 1077 1093 deleamne
1138 1028 1351 1093 omnia
1407 1048 1566 1111 quae
1626 1028 1933 1116 leguntur
1993 1031 2159 1093 inter
2203 1027 2432 1109 ᾤχοντο
2480 1034 2546 1093 et
2591 1029 2620 1091 ὅ
2665 1026 2731 1093 δέ
2750 1074 2766 1103 ,

396 1136 563 1221 quod
620 1137 918 1221 proposui
979 1132 1164 1198 Stud.
1228 1133 1430 1199 Thuc.
1480 1155 1541 1218 p.
1594 1132 1680 1198 93
1702 1182 1717 1210 ‚
1767 1155 1846 1199 an
1893 1136 2167 1200 scribam
2217 1170 2300 1181 ——
2349 1136 2634 1217 φέροντες
2681 1133 2767 1197 τὰ

396 1240 792 1320 γράμματα·
839 1242 865 1304 ὂ
914 1240 975 1304 δὲ
1024 1242 1147 1305 κτὲ.
1200 1248 1275 1305 ut
1316 1236 1415 1311 οὓς
1464 1239 1762 1307 ὥπέςειλε
1810 1244 1896 1306 sit
1944 1245 2586 1326 interpretamentum
2632 1261 2770 1305 ver-

397 1349 625 1413 borum
687 1348 739 1411 oi
799 1346 935 1423 μέν,
998 1346 1245 1431 reliqua
1300 1352 1517 1411 autem
1562 1347 1943 1433 interpolata
1988 1350 2116 1413 sint
2161 1368 2240 1413 ex
2286 1368 2420 1433 cap.
2473 1346 2590 1411 10:
2653 1342 2768 1409 ὅσα

395 1478 467 1517 τε
517 1453 643 1517 ἀπὸ
692 1449 984 1532 γλώσσης
1030 1452 1223 1532 εἴρητο
1272 1454 1479 1525 αὐτοῖς
1529 1455 1658 1517 κτὲ.

486 1558 638 1645 Cap.
710 1558 814 1627 10.
881 1560 909 1623 ὃ
973 1559 1035 1623 δὲ
1098 1559 1517 1638 γραμματεὺς
1584 1560 1643 1645 [ὅ
1694 1568 1804 1633 τῆς
1854 1559 2118 1645 πόλεως]
2174 1560 2486 1638 παρελθὼν
2534 1557 2768 1636 ἀνέγνω

396 1668 525 1731 xri.
576 1740 589 1754 ο
620 1665 861 1731 Multos
920 1665 1281 1730 habuerunt
1339 1666 1753 1731 Athenienses
1817 1667 2087 1731 scribas:
2137 1668 2538 1753 cognoscitur
2585 1666 2612 1729 ὅ
2658 1673 2770 1741 τῆς

395 1773 625 1850 βουλῆς
689 1772 1149 1854 γραμματεύς,
1214 1770 1241 1833 ὅ
1307 1772 1475 1835 κατὰ
1525 1772 1932 1856 πρυτανείαν,
1979 1773 2006 1835 ὃ
2055 1772 2155 1835 ἐπὶ
2205 1772 2290 1835 τὰ
2337 1772 2768 1851 ψηφίσματα,

396 1878 508 1943 sed
562 1878 696 1941 τὸν
759 1886 899 1951 τῆς
964 1879 1273 1949 πόλεως
1344 1898 1563 1943 omnes
1624 1891 1689 1943 et
1750 1882 2081 1963 scriptores
2138 1884 2202 1943 et
2247 1880 2659 1965 grammatici
2706 1883 2770 1942 et

394 1988 834 2070 inscriptiones
879 1984 1138 2069 perinde
1182 1986 1496 2071 ignorant.

488 2088 643 2177 Gap.
706 2093 821 2167 12,
894 2092 953 2155 1.
1019 2091 1412 2171 Πεπόμφασι
1459 2090 1522 2154 δὲ
1569 2092 1673 2155 καὶ
1726 2092 1784 2163 ἐς
1833 2092 2287 2166 Πελοπόννησον
2333 2090 2621 2169 πρέσβεις
2667 2092 2766 2154 ἐπ’

398 2194 600 2271 ἄλλην
646 2196 948 2276 ςρατισὶν,
995 2197 1099 2261 καὶ
1150 2198 1209 2269 ἐς
1259 2197 1375 2269 τὰς
1426 2198 1485 2260 ἐν
1531 2198 1790 2281 Σικελία
1837 2196 2048 2269 πόλεις
2099 2198 2414 2268 Γύλιππος
2470 2196 2714 2276 οἴχεται
2743 2248 2760 2266 .

394 2304 511 2375 τὰς
562 2304 675 2381 μὲν
723 2304 894 2389 [καὶ]
945 2304 1169 2368 πείσων
1214 2302 1635 2381 &uun-omma
1683 2298 1820 2369 ὅσαι
1871 2308 1970 2367 νῦν
2019 2302 2466 2387 ἡσυχάζουσιν,
2515 2304 2640 2369 ἀπὸ
2705 2305 2768 2368 δὲ

394 2417 511 2474 τῶν
558 2408 646 2474 ἔτι
695 2412 795 2474 καὶ
848 2410 1104 2489 commen
1158 2448 1241 2458 -—
1288 2408 1470 2485 ἄξων.
1563 2409 1868 2476 Deleatur
1913 2414 2278 2496 importuna
2330 2409 2578 2496 copula.
2641 2409 2772 2475 Im-

394 2517 739 2604 pudentius
810 2516 1190 2602 interpolata
1263 2522 1414 2582 sunt
1471 2520 1606 2602 ipsa
1667 2520 1995 2602 sequentia
2053 2517 2425 2583 διανοοῦνται
2495 2517 2620 2597 γὰρ
2688 2518 2764 2590 ὥς

396 2625 517 2703 ἐγὼ
567 2623 957 2702 πυνθάνομαι
1007 2627 1089 2705 τῷ
1138 2649 1209 2688 τε
1256 2624 1416 2704 πεζῷ
1464 2621 1607 2701 ἅμα
1654 2629 1798 2688 τῶν
1845 2631 2142 2706 τειχῶν
2193 2626 2357 2700 ἡμῶν
2406 2629 2620 2704 πειρᾶν
2662 2626 2768 2690 καὶ

396 2739 538 2802 ταῖς
605 2731 781 2795 ναυσὶ
848 2730 1044 2816 [κατὰ
1102 2727 1493 2813 θάλασσαν]
1588 2729 1764 2796 Scire
1826 2733 1997 2796 enim
2059 2730 2369 2816 pervelim
2417 2753 2540 2816 quo
2583 2737 2770 2817 pacto

395 2837 666 2904 navibus
737 2839 804 2900 in
876 2841 1043 2902 terra
1112 2837 1385 2923 pugnari
1451 2839 1671 2921 possit.
1769 2835 1892 2902 Sed
1965 2836 2378 2903 manifestum
2445 2845 2541 2902 est
2601 2837 2771 2903 unde

396 2945 623 3030 pedem
693 2941 986 3008 intulerit
1054 2941 1407 3007 emblema:
1478 2963 1709 3028 nempe
1777 2964 1855 3008 ex
1925 2943 2331 3028 sequentibus
2391 2944 2600 3010 hisce:
2664 2945 2769 3009 καὶ

395 3051 577 3117 δεινὸν
648 3048 859 3128 μηδενὶ
932 3049 1095 3124 ὑμῶν
1157 3047 1297 3126 δόξῃ
1354 3043 1507 3112 εἶναι
1572 3043 1661 3112 ὅτι
1728 3048 1834 3112 καὶ
1901 3049 2118 3114 κατὰ
2165 3047 2654 3128 θάλασσαν,
2699 3057 2774 3115 ut

394 3154 734 3222 variandae
781 3157 1080 3220 orationis
1120 3175 1310 3219 causa
1349 3157 1603 3240 scripsit
1659 3153 2067 3242 Thucydides
2119 3177 2230 3240 pro
2282 3151 2372 3220 ὅτι
2427 3157 2531 3220 καὶ
2588 3165 2770 3229 ταῖς

398 3264 707 3327 ναυσίν.
800 3258 873 3325 Si
919 3267 1036 3324 τῶν
1082 3266 1309 3341 τειχῶν
1356 3266 1452 3324 est
1498 3263 1700 3346 ipsius
1747 3264 2092 3345 scriptoris,
2141 3281 2390 3327 necesse
2437 3269 2532 3328 est
2555 3261 2775 3329 Nicias

397 3389 470 3434 ea
531 3369 831 3453 respiciat
888 3386 1047 3451 quae
1110 3365 1278 3430 infra
1321 3372 1657 3431 narrantur
1705 3387 1838 3453 cap.
1890 3364 2004 3442 22,
2059 3368 2123 3444 1,
2173 3387 2376 3452 neque
2423 3369 2774 3434 audiendus

398 3480 493 3539 est
550 3471 809 3540 Classen
872 3478 1175 3538 annotans
1244 3475 1521 3552 „orambim
1583 3471 1760 3538 Dazu
1821 3476 1908 3538 ist
1954 3474 2043 3538 im
2095 3472 2371 3539 Zweiten
2421 3471 2648 3540 Gliede
2694 3497 2773 3540 zu

401 3579 613 3657 „xa-r&
663 3577 1006 3642 θάλασσαν
1054 3599 1177 3643 nur
1224 3580 1389 3656 ἡμῶν
1438 3600 1515 3642 zu
1562 3583 1889 3665 ergiinzen.
1941 3577 2066 3644 Ein
2114 3579 2364 3666 Angriff
2399 3579 2520 3645 auf
2546 3579 2776 3646 offener

400 3683 596 3768 „See‚
642 3684 821 3748 nicht
867 3684 986 3749 auf
1022 3683 1124 3750 die
1174 3687 1358 3763 τείχη
1409 3684 1517 3749 des
1562 3683 2006 3771 Plemmyrion
2052 3687 2142 3750 ist
2186 3686 2538 3772 gemeint.'’
2601 3684 2776 3751 Thu-

397 3789 615 3877 cydidi
676 3791 733 3854 si
792 3788 971 3855 aliud
1030 3791 1299 3856 scribere
1347 3790 1535 3855 licuit
1582 3789 1758 3856 aliud
1804 3793 2036 3856 sentire
2056 3841 2074 3874 ,
2123 3790 2376 3877 publice
2421 3793 2774 3858 cavendum

398 3905 493 3964 est
553 3917 633 3962 ne
685 3899 1009 3961 iuventuti
1052 3904 1303 3962 nostrae
1351 3897 1615 3982 posthac
1660 3899 2072 3982 permittatur
2115 3898 2445 3986 legendus.
2539 3899 2778 3979 Quidni

398 4009 615 4070 autem
662 4002 1035 4088 respiciatur
1081 4001 1160 4067 ad
1207 4000 1591 4089 Plemmyrii
1637 4001 2148 4090 aggressionem?
2193 4003 2398 4070 Aliud
2446 4013 2542 4071 est
2604 4005 2774 4069 κατὰ

400 4107 777 4187 θάλασσαν,
826 4113 901 4172 ut
948 4108 1253 4185 arbitror,
1306 4109 1481 4174 aliud
1532 4110 1593 4173 ἐν
1640 4109 1938 4187 πελάγει.

492 4213 565 4279 In
629 4217 835 4299 capite
900 4220 1183 4279 extremo
1228 4215 1489 4296 Φανεραὶ
1544 4216 1597 4280 δ’
1644 4217 1794 4280 εἰσὶν
1841 4217 2328 4295 ἄναπειρώμεναι
2379 4217 2482 4282 καὶ
2531 4217 2600 4282 αἱ
2647 4218 2778 4282 ἔπι·

400 4323 705 4400 χειρήσεις
754 4317 855 4383 ἐπ’
908 4319 1149 4392 ἐκείνοις
1200 4321 1301 4384 καὶ
1352 4317 1734 4401 ἀποξηρᾶναι
1782 4323 1900 4394 τὰς
1944 4323 2252 4404 σφετέρας
2293 4327 2540 4399 μᾶλλον
2585 4319 2778 4410 [ἐξου-

402 4427 543 4510 σία]
584 4425 886 4492 ultimam
928 4447 1151 4492 vocem
1190 4429 1467 4512 spuriam
1507 4449 1641 4493 esse
1678 4427 2117 4495 intellexeram
2161 4431 2328 4495 saud.
2359 4430 2532 4494 Thac.
2577 4451 2640 4516 p.
2669 4427 2772 4508 93,
