3369 5142
604 292 733 361 432
1598 314 1977 363 ruffinum

596 486 1331 551 accommodatissimum
1396 506 1529 549 esse
1576 489 1949 568 pronunciat
1996 497 2060 547 et
2109 482 2416 549 Codicum
2465 482 2724 549 lectioni
2771 478 2972 545 simil-

597 592 856 657 limum.
918 592 1229 675 Equidem
1292 589 1456 655 illud
1519 591 1862 654 tenendum
1911 610 2129 654 censeo
2181 592 2589 653 παντοδαπᾶν
2637 589 2970 651 lectionem

598 699 897 763 traditam
964 718 1131 781 esse,
1195 716 1319 761 non
1375 696 1772 759 παντοδαπόν
1819 704 1883 759 et
1930 699 2216 779 proxime
2263 697 2552 761 accedam
2603 698 2678 759 ad
2726 692 2974 757 Codicis

597 807 909 890 vestigia,
973 806 1027 867 si
1090 820 1455 885 reposuero:
1522 802 2156 864 παντοδαπανον
2221 800 2370 865 ὅντ’
2433 802 2638 881 ὄχλον.
2734 798 2974 863 Deinde

596 910 899 995 Dioxippi
961 908 1305 973 versiculos
1368 908 1538 973 haud
1600 908 1835 971 trustra
1899 916 2170 971 tentasse
2233 909 2396 971 mihi
2455 908 2672 971 videor
2733 904 2970 967 Mnem.

598 1016 801 1080 XVss.
830 1016 978 1079 240.
1007 1014 1267 1079 Tradita
1289 1015 1482 1078 verba
1508 1021 1714 1077 erant:
1755 1016 1842 1088 μὴ
1870 1010 2306 1077 αατακούο-ειεν
2335 1016 2526 1089 δέμας
2555 1012 2581 1073 ὁ
2611 1018 2972 1089 Κωρύκαῖος.

599 1124 776 1187 ἀλλὰ
815 1123 936 1199 μὴν
982 1126 1349 1195 κατακήκοα
1391 1117 1868 1185 κατακολουθῶν
1912 1118 2146 1183 ἔνδοθέν
2189 1144 2311 1193 σου,
2339 1141 2497 1203 quae
2521 1122 2612 1183 ita
2637 1118 2964 1183 constitui:

1509 1227 1595 1302 μὴ
1642 1228 2082 1289 κατακούσειεν
2127 1226 2178 1289 δ’
2227 1227 2414 1295 ἑκὰς

1054 1335 1081 1399 o‘
1130 1342 1495 1412 Κωρυκαῒος.
1542 1345 1610 1396 Β.
1661 1335 1838 1397 ἄλλα
1887 1333 2008 1407 μὴν
2055 1336 2565 1406 κατακήκοεν

1051 1441 1129 1527 (ὁ)
1180 1438 1655 1504 κατακολουθῶν
1702 1438 1938 1503 ἔνδοθέν
1987 1464 2110 1503 σου.

598 1549 788 1636 Apud
834 1547 1259 1613 Athenionem
1308 1569 1370 1632 p.
1424 1546 1591 1624 558;

1058 1654 1133 1723 ὥς
1183 1656 1234 1717 δ’
1285 1655 1441 1733 ἥρω’
1492 1654 1702 1723 αὐτοῖς
1753 1652 1953 1729 ὕτερον
2001 1654 2104 1717 καὶ
2156 1655 2292 1724 τοὺς
2345 1649 2508 1723 ἅλας

1056 1758 1463 1837 προσάγουσιν
1512 1758 1617 1831 ἤδη
1668 1766 1784 1821 τῶν
1832 1759 1993 1837 ἱερῶν
2042 1760 2654 1837 γεγραμμένων.

602 1867 1154 1952 simplicissimum
1203 1868 1397 1929 fuerit
1443 1865 1812 1929 rescribere:
1863 1864 2452 1941 γεγενημένων.
2505 1864 2658 1927 Ibid.
2713 1884 2802 1926 vs.
2857 1862 2974 1923 44:

1048 1972 1192 2052 ὑπὲρ
1244 1972 1568 2047 εὐσεβείας
1620 1966 1718 2034 οὖν
1765 1970 1928 2050 ἄφες
1979 1977 2217 2035 παῦσαι
2268 1972 2499 2048 λέγων,

602 2082 831 2147 Coraes
875 2080 1127 2165 scripsit
1174 2070 1217 2142 ἑὲ
1266 2084 1427 2159 φής,
1470 2076 1805 2141 Jacobsius
1846 2078 2069 2155 ἀφείς.
2110 2078 2278 2161 quod
2319 2077 2679 2141 Meinekius
2705 2078 2972 2159 recepit:

603 2192 897 2273 equidem
968 2186 1045 2251 de
1106 2185 1407 2249 adverbio
1472 2180 1661 2251 ἅλις
1721 2186 2096 2269 cogitaram.
2161 2184 2279 2247 Sed
2345 2184 2483 2247 leve
2531 2184 2646 2247 hoc
2693 2188 2788 2245 est
2829 2200 2976 2263 prae

604 2297 875 2359 immani
922 2296 1083 2357 vitio
1127 2294 1195 2353 in
1242 2290 1505 2375 Orobyli
1553 2290 1908 2375 fragmento
1957 2311 2016 2373 p.
2069 2290 2235 2351 566:

968 2398 1037 2461 τὸ
1085 2398 1209 2475 γὰρ
1260 2396 1593 2475 ἐνδελεχῶς
1644 2393 1901 2469 μεθύειν
1948 2397 2061 2457 τίν’
2111 2396 2314 2469 ἡδονὴν
2361 2398 2535 2477 ἔχει,

967 2506 1383 2582 αποςεροῦντα
1430 2501 1634 2582 ζῶνθ’
1682 2502 1897 2564 ἑαυτὸν
1944 2506 2048 2564 τοῦ
2098 2508 2367 2582 φρονεῖν,

966 2608 993 2676 ὃ
1040 2614 1297 2688 μέγιςον
1346 2613 1510 2684 ἡμῶν
1559 2607 1810 2686 ἀγαθὸν
1857 2608 2041 2687 ἔσχεν
2089 2611 2121 2682 ἦ
2168 2611 2390 2686 <Duo-143

608 2707 813 2800 Quam
884 2717 1227 2784 absurdum
1302 2716 1406 2780 hic
1471 2723 1567 2779 est
1623 2717 2034 2799 participium
2101 2713 2332 2792 ζῶνταῐ
2399 2715 2611 2780 Habet
2655 2716 2723 2779 id
2769 2721 2980 2778 tamen

604 2826 970 2891 Athenaeus
1034 2825 1280 2888 duobus
1341 2822 1531 2898 locis,
1596 2822 1826 2904 quibus
1889 2821 2004 2884 hoc
2051 2821 2485 2908 fragmentum
2535 2821 2857 2898 laudavit,
2911 2829 2982 2884 ut

608 2939 905 3015 appareat
974 2951 1120 2995 eum
1181 2933 1247 2992 in
1310 2925 1539 2992 Codice
1602 2947 1716 2990 suo
1779 2927 1895 2991 hoc
1957 2930 2170 3010 ipsum
2239 2932 2548 2992 invenisse
2594 2927 2829 3007 ζῶντα,
2873 2929 2982 2992 sed

607 3041 763 3103 satis
822 3037 1149 3112 novimus,
1216 3055 1363 3099 eum
1424 3055 1605 3117 saepe
1668 3037 1977 3116 corrupt-is
2033 3032 2340 3096 librorum
2391 3055 2648 3097 suorum
2697 3033 2982 3098 lectioni-

606 3145 725 3209 bus
793 3144 1123 3228 deceptum
1194 3142 1407 3204 fuisse.
1500 3140 1629 3204 Hic
1701 3148 1867 3203 certe
1933 3141 2200 3202 minime
2270 3141 2564 3211 dubium,
2649 3143 2800 3224 quin
2873 3161 2980 3203 ve-

610 3271 754 3315 rum
804 3253 921 3314 sit:

1060 3353 1454 3435 αποςεροῦν3’
1504 3351 1765 3420 ἑκόνθ’
1813 3354 2025 3418 ἑαυτὸν
2073 3359 2177 3418 τοῦ
2225 3363 2480 3432 Φρονεῑν.

604 3464 747 3529 Ηοο
794 3469 888 3529 est
934 3462 1419 3537 stultissimum,
1472 3464 1636 3546 quod
1684 3463 1896 3526 ebrius
1943 3479 2140 3544 sponte
2188 3463 2441 3526 insanit.

698 3675 1049 3741 Parvulum
1114 3683 1206 3742 est
1271 3679 1505 3740 vitium
1526 3722 1541 3750 ‚
1607 3675 1716 3740 sed
1774 3695 1969 3761 grave
2018 3677 2360 3738 sententiae
2410 3675 2860 3738 detrimentum
2912 3671 2974 3735 in

608 3781 859 3846 Nicolai
918 3783 1273 3868 fragmento
1320 3804 1379 3866 p.
1434 3781 1582 3848 52³9.
1633 3781 1962 3845 Parasitus
2010 3781 2100 3844 ibi
2149 3781 2468 3846 hominem
2523 3784 2675 3844 artis
2721 3782 2979 3864 imperi-

613 3895 749 3953 tum
801 3889 1201 3972 dehortatur,
1247 3909 1326 3953 ne
1374 3892 1663 3953 animum
1713 3888 1790 3950 ad
1841 3886 2288 3951 difficillimam
2337 3910 2470 3952 rem
2521 3887 2828 3972 applicet:

1265 3995 1389 4058 απὸ
1439 3998 1610 4058 τίνων
1660 3993 1989 4070 δογμάτων
2039 3993 2372 4070 ὁρμώμενος

1064 4108 1308 4180 τολμᾷς
1356 4107 1748 4178 παρασιτεῖνς
1803 4091 1848 4162 ἃ
1895 4098 2073 4176 μόλις
2123 4103 2301 4176 ἡμεῖς
2349 4103 2448 4164 τὸν
2497 4101 2630 4178 βίον

1067 4207 1327 4274 ἅπαντα
1374 4207 1875 4285 κατατρίψαντες
1923 4207 2053 4269 οὐδὲ
2101 4211 2203 4268 νῦν
2250 4205 2336 4270 ἔτι

1067 4312 1454 4392 ἀνεῳγμένην
1500 4309 1825 4387 δυνάμεθα
1875 4315 1983 4385 τὴν
2030 4310 2224 4386 θύραν
2274 4312 2436 4376 ἰδεῖν.

615 4426 933 4498 Emenda:
984 4423 1046 4486 εἰ
1094 4423 1299 4502 μόλις.
1354 4419 1547 4504 Apud
1594 4419 1922 4484 Xenonem
1972 4441 2031 4503 p.
2085 4418 2250 4482 596:
