3369 5142
539 316 668 390 106
1511 327 1933 389 vuucrmnns.

533 534 596 577 τι
666 509 963 594 πράσσειν
1031 513 1098 576 et
1161 511 1309 577 sim.
1380 510 1493 578 sed
1550 505 1620 576 εὖ
1681 534 1741 574 τι
1793 506 2094 588 πράσσειν
2141 514 2206 576 et
2255 514 2454 583 κακῶς
2505 534 2567 576 τι
2616 502 2916 588 πράσσειν

535 638 660 685 non
709 624 806 685 est
849 618 918 683 in
965 638 1110 683 usu.
1169 616 1511 704 Euripides
1555 616 1725 703 apud
1774 613 1981 683 Clem.
2028 614 2219 683 Alex.
2267 614 2506 683 Str-om.
2553 636 2701 704 pag.
2755 612 2919 680 620:

902 725 1011 800 ἡδὺ
1060 723 1112 788 δ’
1162 728 1232 801 ἢν
1278 721 1470 789 κακόν
1516 746 1577 788 τι
1626 718 1835 803 πράξῃ
1878 720 2407 805 ἐπισκυθρωπάζειν
2454 720 2647 790 πόσει.

631 830 1099 918 Aristophanes
1142 834 1211 895 in
1257 830 1450 897 Pluto
1495 849 1592 896 vs.
1641 828 1797 894 341.

907 936 1137 1018 χρηςόν
1183 960 1242 1003 τι
1293 934 1582 1019 πράττων
1626 937 1768 1007 τοὺς
1816 935 2040 1017 Φίλους
2087 934 2606 1015 μεταπέμπεται.

623 1044 968 1112 Praeterea
1025 1043 1268 1124 ἀγαθόν
1329 1066 1390 1109 τι
1455 1041 1752 1124 πράττειν
1816 1048 1912 1108 est
1970 1044 2402 1121 extenuantis,
2450 1047 2527 1109 ut
2571 1045 2641 1108 in
2683 1041 2926 1108 Aristo·

541 1150 772 1237 phanis
817 1151 976 1216 Pace
1019 1172 1120 1218 vs.
1171 1148 1329 1217 212.

1862 1254 1914 1321 εἷ
1961 1254 2077 1334 μὲν
2122 1255 2173 1320 o}
2220 1255 2561 1327 Λακωνικοὶ

1001 1360 1452 1443 ὑπερβάλοιντο
1500 1358 1736 1440 μικρόν.
1790 1399 1873 1410 -

1008 1470 1062 1535 εί
1109 1469 1164 1534 δ’
1214 1465 1294 1535 αὖ
1343 1492 1403 1534 τι
1451 1466 1747 1550 πράξαιτ’
1792 1468 2032 1548 άγαθὸν
2077 1469 2527 1549 ‘Ara-mamm„

543 1581 601 1641 εἰ
657 1576 804 1663 quid
861 1576 1023 1641 vobio
1089 1576 1183 1661 (in
1244 1596 1312 1641 re
1375 1576 1634 1663 exigua)
1677 1572 1965 1661 feliciter
2014 1580 2387 1659 processerit.
2451 1574 2679 1662 Itaque
2724 1596 2926 1661 quum

542 1684 954 1770 perspicuum
1015 1684 1102 1748 sit,
1146 1680 1464 1748 Periclem
1513 1681 1755 1747 dicere:
1804 1687 1862 1745 εἰ
1898 1692 2140 1765 praeter
2184 1686 2435 1747 omnium
2479 1682 2927 1769 expectationem

547 1812 644 1854 res
697 1790 1016 1874 praeclare
1067 1796 1238 1871 qesta
1279 1791 1495 1873 fuerit-
1557 1788 1842 1872 oportebit
1897 1788 2004 1853 hoc
2061 1789 2208 1851 mihi
2254 1788 2473 1872 tribui,
2520 1788 2923 1855 scribendum

545 1896 669 1961 erit
715 1892 864 1961 ’ὅταν
911 1894 1086 1976 παρὰ
1132 1894 1320 1973 λόγον
1367 1891 1437 1960 εὖ
1487 1892 1767 1976 πράξητε
1813 1894 1947 1973 ἐμοὶ
1996 1894 2358 1971 άναθήσετε.

636 2135 934 2225 Thucyd.
997 2135 1091 2203 II.
1156 2134 1266 2202 65.
1335 2137 1400 2203 3.
1465 2136 1702 2215 ἐπεβίω
1771 2135 1832 2201 δὲ
1881 2136 2211 2225 (Pericles)
2261 2135 2366 2204 δύο
2413 2134 2521 2211 ἔτη
2572 2135 2677 2201 καὶ
2722 2143 2926 2215 μῆνας

545 2240 636 2321 ἕξ.
729 2243 979 2309 Multas
1041 2245 1291 2310 Atticas
1353 2262 1562 2308 eraees
1619 2241 2088 2311 Herwerdenus
2149 2246 2393 2330 optime
2450 2245 2768 2327 restituit,
2818 2241 2927 2309 sed

550 2350 656 2415 hic
715 2349 855 2416 illic
911 2350 1248 2416 mendosas
1302 2352 1371 2415 in
1428 2370 1659 2438 genere
1713 2350 1835 2415 hoc
1876 2350 2184 2416 librorum
2234 2351 2581 2437 scripturae
2624 2352 2925 2417 servavit.

545 2454 862 2521 Dicebant
908 2462 1266 2522 constanter
1311 2455 1404 2520 δύ’
1451 2455 1595 2531 ἔτη,
1641 2457 1757 2537 τρί’
1806 2454 1912 2531 ἔτη
1960 2461 2027 2521 et
2062 2460 2207 2522 sim.
2256 2456 2428 2522 Hine
2467 2466 2668 2535 τριετῆ
2712 2462 2777 2521 et
2816 2456 2929 2535 τρί’

549 2559 655 2640 ἔτη
717 2562 975 2630 confusa
1036 2563 1356 2640 vidimus,
1417 2566 1481 2629 et
1538 2565 1800 2630 omnino
1849 2562 1951 2629 δύο
1996 2568 2062 2630 et
2106 2562 2287 2645 τρία,
2334 2562 2537 2643 ἑπτά,
2588 2561 2739 2629 δέκα
2785 2566 2930 2629 ante

547 2671 800 2740 vocales
844 2690 970 2736 non
1009 2670 1425 2736 scribebatur.

634 2775 881 2844 Eodem
939 2775 1128 2844 modo
1191 2777 1428 2862 ubique
1490 2773 1840 2865 legendum
1902 2780 2001 2842 est
2057 2775 2145 2843 τὰ
2206 2773 2459 2860 σφέτερ’
2522 2778 2722 2843 αὐτῶν
2738 2825 2757 2856 ,
2805 2795 2932 2842 non

549 2884 867 2971 σφέτερΑ.

640 3125 930 3215 Thucyd.
979 3125 1072 3194 II.
1123 3124 1230 3193 65.
1280 3125 1344 3195 ’7.
1391 3126 1444 3193 οἱ
1490 3126 1554 3192 δὲ
1601 3125 1811 3192 ταῦτά
1862 3151 1933 3193 τε
1982 3127 2198 3194 πάντα
2246 3130 2307 3202 ἐς
2356 3127 2701 3194 τούναντίον
2742 3125 2927 3207 ἔπρα-

547 3232 666 3312 ξαν
713 3269 798 3284 --
848 3233 1022 3300 κατὰ
1067 3234 1188 3306 τὰς
1232 3235 1392 3305 ἰδίας
1440 3236 1812 3315 Φιλοτιμίας
1861 3235 1967 3301 καὶ
2020 3233 2203 3320 [ἴδια]
2244 3234 2435 3314 κέρδη.
2486 3233 2631 3300 Non
2673 3239 2925 3299 tantum

548 3360 1091 3428 supervacaneum
1151 3340 1262 3408 sed
1321 3343 1767 3427 importunum
1828 3343 2027 3406 etiam
2084 3347 2149 3407 et
2209 3342 2348 3406 auri
2407 3340 2759 3406 molestum
2804 3337 2931 3404 ⁷212

550 3448 942 3515 eiiciendum
991 3453 1109 3514 est.

644 3689 934 3781 Thucyd.
1005 3690 1089 3756 Π.
1160 3685 1274 3756 67.
1347 3687 1410 3754 2.
1481 3687 1751 3755 πείθουσι
1819 3688 1923 3753 τὸν
1992 3688 2263 3755 Σάδοκον
2333 3689 2460 3776 [τὸν
2519 3689 2934 3770 γεγενημένον

548 3799 901 3883 Ἀθηναῖον]
955 3794 1269 3864 Σιτάλκου
1318 3795 1474 3871 υἱὸν,
1521 3794 1663 3868 τοὺς
1714 3793 1938 3875 ἄνδρας
1986 3796 2336 3876 ἐγχειρίσαι
2385 3796 2625 3878 σφίσιν.
2708 3795 2931 3863 Anno·

552 3910 721 3976 tavit
776 3904 1010 3992 aliquis
1071 3906 1140 3969 iu
1197 3904 1491 3991 margine
1537 3901 1602 3968 id
1648 3901 1821 3987 quod
1862 3900 2111 3990 legerat
2156 3901 2239 3968 11.
2282 3902 2389 3968 29.
2440 3904 2469 3969 ὅ
2516 3903 2933 3985 Νυμφόδωρος

552 4016 667 4090 τήν
735 4035 807 4079 τε
875 4015 982 4077 τοῦ
1046 4011 1362 4076 Σιτάλκου
1427 4007 1812 4091 ξυμμαχίαν
1876 4009 2122 4083 ἐποίησε
2186 4011 2290 4075 καὶ
2340 4011 2614 4076 Σάδοκον
2661 4009 2763 4074 τὸν
2813 4011 2936 4075 υἱὸν

557 4121 750 4186 αὐτοῦ
801 4117 1142 4193 Ἀθηναῖον.
1234 4115 1559 4203 Arguitur
1603 4116 1799 4180 etiam
1846 4113 2164 4180 emblema
2210 4135 2282 4182 eo
2326 4114 2496 4201 quod
2539 4114 2680 4180 loco
2726 4115 2935 4201 perin-

557 4232 704 4314 epto
750 4225 1199 4311 interpositum
1248 4228 1365 4289 est.

651 4330 810 4413 Quis
854 4351 979 4397 non
1022 4329 1388 4396 recordatur
1433 4323 1513 4394 ad
1550 4328 1706 4394 haec
1740 4329 2028 4395 iocorum
2064 4326 2515 4414 Aristophanis
2553 4330 2621 4394 in
2661 4329 2933 4395 Acbarus.

559 4457 655 4510 vs.
706 4436 860 4504 141.
