3369 5142
1451 349 1690 400 olcsno.
2636 329 2766 398 369

378 526 587 612 magis
646 519 1081 610 superfluum?
1138 521 1218 587 cf.
1268 519 1525 587 Sueton.
1576 525 1649 587 de
1699 523 1846 586 clar.
1897 522 2124 588 rhetor.
2168 521 2244 588 6:
2295 525 2439 588 iura
2481 546 2601 611 per
2639 547 2767 610 pa-

383 634 497 696 tris
542 633 883 716 matrisque
926 631 1149 694 cineres
1169 675 1184 706 ,
1233 631 1343 715 qui
1386 631 1686 694 inconditi
1728 631 1942 694 iacent.

471 735 714 802 Deinde
778 735 1051 801 aliorum
1107 734 1399 819 exemplo
1457 736 1948 799 misericordiam
1995 748 2234 822 caperet
2279 735 2558 814 delevit,
2613 757 2772 822 quae

382 845 761 909 sententiam
809 847 1070 907 onerant
1117 847 1177 904 el
1227 841 1569 906 verborum
1616 842 2142 925 compositionem
2190 843 2585 927 perturbant.

473 948 762 1034 Denique
820 951 1261 1033 importunum
1320 947 1564 1034 aliquid
1621 945 1903 1031 expulit:
1966 959 2036 1012 ut
2081 969 2280 1012 secum
2329 947 2628 1034 [aliquid]
2684 987 2734 998 -

390 1058 775 1141 transiqeret.

477 1161 575 1228 Ne
621 1182 787 1226 nunc
834 1160 1089 1246 quidem
1140 1181 1177 1225 a
1221 1159 1483 1226 iocando
1535 1165 1886 1244 temperare
1933 1160 2144 1246 potuit
2186 1162 2500 1226 scribens:
2547 1162 2778 1228 Naevii

388 1293 645 1333 manum
696 1267 1027 1354 prehendit
1092 1269 1157 1330 in
1210 1270 1718 1354 propinquorum
1763 1267 1934 1332 bonis
1973 1268 2429 1352 proscribendis
2479 1269 2776 1333 exercita-

390 1388 552 1451 tam,
612 1374 721 1438 sed
784 1375 935 1458 quia
996 1373 1159 1437 bona
1220 1393 1347 1438 non
1412 1397 1603 1436 manu
1662 1374 2176 1457 proscribuntur,
2243 1392 2366 1438 non
2423 1373 2772 1441 admodum

388 1480 593 1548 salsus
638 1481 819 1544 iocus
866 1485 979 1544 est.
1034 1479 1283 1558 Quanto
1330 1478 1562 1543 salsius
1607 1478 2064 1564 Aristophanes
2109 1481 2178 1543 in
2221 1479 2438 1567 Vespie
2480 1503 2572 1547 vs.
2601 1481 2770 1546 554:

526 1586 843 1667 ἐμβάλλει
893 1609 992 1662 μοι
1042 1587 1151 1658 τὴν
1200 1590 1361 1666 χεῖρ’
1412 1585 1667 1659 ἀπειλὴν
1716 1591 1832 1649 τῶν
1877 1586 2174 1663 δημοσίων
2224 1591 2621 1670 κεκλοφυῖαν.

480 1798 597 1865 Est
656 1800 725 1862 in
796 1797 1167 1878 Quinctiana
1226 1795 1406 1862 locus
1465 1800 1798 1879 tamquam
1861 1795 2160 1881 scopulus
2221 1797 2577 1863 multorum
2624 1820 2782 1865 nau·

392 1907 617 1992 fragiis
660 1903 941 1969 infamis.
1036 1902 1355 1991 Pluygers
1402 1907 1478 1968 ut
1522 1904 1589 1966 in
1636 1922 1705 1967 re
1750 1901 2078 1988 desperata
2125 1902 2338 1969 locum
2387 1907 2780 1971 intentatum

394 2010 684 2097 reliquit;
773 2008 1133 2094 complures
1202 2007 1314 2073 alii
1375 2007 1665 2073 infelices
1724 2007 2072 2074 admodum
2133 2013 2549 2076 correctiones
2611 2028 2785 2076 com-

396 2120 602 2184 menti
663 2121 849 2200 sunt‚
912 2135 1069 2199 quas
1124 2115 1273 2180 vide
1318 2114 1485 2200 apud
1534 2112 1899 2180 Halmium.
1993 2113 2160 2180 Sunt
2203 2118 2394 2182 etiam
2450 2120 2560 2202 qui
2607 2115 2784 2183 Cice-

396 2246 615 2291 ronem
685 2227 895 2308 ipsum
916 2271 933 2306 ‚
1004 2243 1131 2288 non
1199 2222 1523 2304 librarios,
1596 2222 1905 2287 titubasse
1969 2225 2328 2306 opinantur.
2423 2222 2496 2290 Si
2541 2229 2782 2309 poter0,

398 2332 820 2398 disertissimo
878 2329 1145 2397 Romuli
1204 2334 1545 2414 nepotum,
1608 2330 1720 2413 qui
1779 2328 2052 2394 absurda
2097 2331 2368 2396 scribere
2414 2351 2538 2396 non
2586 2331 2785 2408 solet,

398 2440 727 2518 immerito
795 2436 966 2502 male
1034 2435 1318 2502 audienti
1380 2454 1566 2520 opem
1632 2436 1852 2499 feram.
1949 2434 2182 2500 Editur
2242 2437 2311 2500 in
2356 2437 2393 2521 ξ
2443 2435 2566 2502 49:
2618 2439 2790 2502 cuius

399 2547 558 2611 bona
620 2545 933 2609 venierunt
984 2580 1067 2591 —-
1116 2545 1170 2609 is
1230 2565 1353 2608 non
1412 2544 1593 2608 modo
1640 2564 1716 2606 ex
1761 2563 2016 2607 numero
2063 2545 2342 2607 vivorum
2387 2545 2781 2621 exturbatur,

401 2654 507 2716 sed
550 2654 605 2716 si
642 2654 796 2737 fieri
833 2664 1039 2738 potest
1085 2650 1265 2735 infra
1310 2650 1498 2713 etiam
1543 2660 1822 2713 mortuos
1868 2651 2266 2714 amandatur.
2315 2651 2570 2716 Etenim
2616 2674 2786 2717 more

405 2756 657 2822 honesta
704 2779 880 2845 saepe
924 2759 1118 2821 vitam
1164 2777 1400 2841 quoque
1446 2767 1692 2842 turpem
1736 2766 2030 2820 exornat.-
2077 2758 2206 2821 vita
2245 2759 2449 2845 turpis
2487 2780 2562 2821 ne
2601 2761 2795 2824 morti

406 2866 651 2951 quidem
697 2862 978 2929 hone-stae
1023 2862 1221 2928 locum
1267 2861 1577 2948 relinquit.

496 2971 659 3035 Sunt
728 2971 841 3055 qui
909 2969 1071 3035 serio
1140 2966 1403 3033 credunt
1468 2968 1565 3031 ita
1635 2963 2004 3033 Ciceronem
2077 2969 2398 3053 scripsisse
2469 2970 2628 3036 alias
2693 2992 2791 3037 res

406 3082 703 3166 agentem
747 3096 951 3161 neque
996 3076 1262 3140 sensisse
1308 3093 1375 3139 se
1420 3075 1780 3160 pugnantia
1827 3092 2044 3138 secum
2095 3077 2160 3138 et
2205 3076 2592 3159 perabsurda
2640 3081 2792 3142 scri·

404 3185 570 3249 bere.
666 3182 853 3247 Esto:
921 3179 1056 3247 fieri
1115 3185 1323 3266 potest
1383 3184 1459 3243 ut
1518 3178 1716 3245 alicui
1775 3180 2168 3264 imprudenti
2214 3181 2464 3247 excidat
2511 3181 2752 3267 aliquid
2773 3230 2789 3259 ,

404 3288 571 3377 quod
653 3308 802 3355 cum
872 3308 1025 3353 sana
1094 3287 1337 3352 ratione
1408 3289 1521 3351 aut
1581 3306 1733 3351 cum
1804 3306 2018 3351 rerum
2090 3291 2320 3353 natura
2386 3295 2666 3375 pugnet,
2738 3292 2797 3354 si

405 3400 589 3465 cuius

1180 3500 1208 3565 ὅ
1257 3504 1389 3573 νοῦς
1437 3501 1641 3581 παρὼν
1689 3500 2018 3578 ἀποδημεῖ.

406 3608 515 3677 sed
578 3630 651 3675 ea
712 3629 810 3675 res
868 3609 1108 3675 librum
1167 3609 1237 3672 in
1281 3605 1495 3673 lucem
1542 3605 1786 3683 edenti,
1837 3606 2080 3694 legenti
2127 3612 2192 3673 et
2238 3607 2547 3696 relegenti
2594 3609 2794 3677 latere

405 3738 533 3781 non
578 3720 821 3801 potest,
872 3736 1019 3781 cum
1068 3717 1439 3799 praesertim
1488 3716 1575 3779 sit
1618 3713 1938 3778 eiusmodi
1987 3718 2061 3777 ut
2100 3734 2214 3779 nos
2251 3716 2418 3780 inter
2450 3717 2794 3804 legendum

410 3825 609 3888 risum
660 3824 772 3887 vix
818 3826 1166 3885 teneamus.
1240 3820 1503 3885 Duabus
1547 3818 1753 3884 literis
1801 3839 1950 3883 cum
2005 3821 2180 3885 tenui
2229 3820 2462 3887 lineola
2509 3827 2798 3909 repetitis

408 3926 627 3995 Cicero
690 3927 933 3993 desinet
992 3928 1267 3991 insanire
1330 3926 1555 3992 videri.
1649 3923 2034 4010 scripserat:
2103 3950 2272 3993 mors
2319 3928 2568 3993 honesta
2619 3952 2828 4017 saepe.

406 4038 599 4101 vitam
661 4056 897 4122 quoque
960 4045 1204 4119 turpem
1264 4044 1559 4097 exornat:
1620 4035 1766 4097 vivs
1825 4024 1910 4095 ΤΞ
1979 4032 2168 4117 (tam)
2237 4036 2442 4119 turpis
2489 4056 2562 4099 ne
2607 4040 2800 4100 morti

405 4144 649 4229 quidem
711 4140 993 4205 honestae
1054 4138 1252 4201 Iocum
1298 4138 1607 4223 relinquit.
1705 4138 1853 4203 Duo
1904 4137 2252 4225 distinguit
2300 4137 2638 4204 hominum
2687 4162 2796 4207 ca-

404 4248 850 4313 lamitosorum
932 4264 1186 4332 genera.
1280 4242 1444 4309 Sunt
1529 4246 1641 4328 qui
1727 4244 1910 4308 bonis
1991 4242 2186 4309 salvis
2255 4251 2368 4309 aut
2437 4246 2796 4333 ignominia

409 4353 611 4419 affecti
683 4360 831 4417 sunt
903 4358 1015 4415 aut
1084 4350 1320 4415 iudicio
1392 4353 1565 4434 turpi
1613 4350 1910 4415 convicti.
2007 4349 2098 4414 Hi
2147 4354 2294 4435 quia
2341 4351 2576 4417 habent
2627 4354 2794 4420 unde

408 4462 629 4527 vivant
690 4458 807 4523 hoc
871 4460 937 4523 in
1000 4458 1275 4521 miseriis
1336 4456 1706 4521 adiumento
1751 4462 1818 4521 et
1864 4454 2090 4521 solatio
2137 4456 2587 4537 sublevantur,
2641 4460 2795 4547 quin
