3369 5142
582 313 710 381 428
1564 330 1948 379 FRAGMENTA

952 502 1190 579 Ἕλλην
1240 502 1490 575 ἀληθῶς
1544 500 1668 568 οὔτ’
1716 504 2338 581 ἆπολλυμένους
2387 508 2525 585 ὂρᾶν

962 612 1183 684 αὐτοὺς
1237 614 1346 689 ὑφ’
1395 612 1616 675 αὐτῶν.

572 720 943 804 Metaphora
990 738 1149 803 quae
1196 721 1357 783 inest
1405 721 1469 781 in
1520 719 1712 781 verbo
1764 718 1971 783 λέπειν
2013 722 2090 783 ab
2131 722 2250 787 hoc
2287 721 2425 789 loco
2469 744 2718 807 prorsus
2743 724 2946 787 aliena

574 831 688 891 est.
736 826 808 889 P.
861 825 991 889 444
1034 825 1314 889 eiusdem
1360 824 1725 909 Apollodori
1772 825 1885 889 illa
1931 826 2272 914 leguntur:

934 933 1065 997 καὶ
1117 930 1428 995 κλύεθ’
1482 934 1513 1005 ἦ
1562 929 1724 1011 θύρα
1776 942 2038 1013 μοχλοῖς
2087 935 2234 997 ἀλλ’
2283 936 2410 1000 οὐδὲ
2457 931 2540 1009 εἷς

933 1040 1161 1103 τέκτων
1208 1039 1436 1119 ὀχυρὰν
1484 1036 1668 1109 οὕτως
1719 1040 1994 1113 ἐποίησεν
2037 1040 2266 1125 &25va,

936 1146 1005 1210 δι’
1052 1144 1115 1221 ἧς
1166 1150 1359 1223 γαλῆ
1389 1146 1493 1209 xx}
1544 1146 1765 1225 μοιχὸς
1817 1148 1920 1210 οὐκ
1970 1147 2346 1229 εἰσέρχεται.

567 1254 692 1318 Hic
760 1254 979 1318 scribit
1047 1253 1375 1317 Nauckius
1452 1252 1896 1331 κατακλείεθ”;
1970 1275 2088 1341 ego
2151 1258 2578 1321 conieceram:
2643 1260 2947 1320 κεκλεί-

568 1359 735 1425 σε3’
787 1364 820 1436 ἦ
869 1358 1053 1440 θύρα.

658 1576 729 1641 In
799 1574 1187 1660 Philippidis
1256 1573 1541 1637 versibus
1604 1594 1760 1657 quos
1821 1573 2202 1639 Plutarchus
2259 1578 2536 1641 servavit
2581 1579 2646 1639 in
2698 1574 2772 1639 V.
2825 1574 2945 1640 De-

570 1686 784 1749 metrii
834 1705 888 1747 c.
940 1681 1061 1747 26:

986 1789 1011 1852 ὂ
1059 1788 1160 1852 τὸν
1210 1787 1481 1849 ἐνιαυτὸν
1529 1787 1842 1857 συντεμὼν
1889 1788 1971 1856 εἷς
2019 1794 2160 1862 μῆν’
2209 1785 2352 1865 ἕνα,

978 1894 1005 1959 ὃ
1056 1895 1163 1968 τὴν
1212 1895 1535 1974 ἀκρόπολιν
1586 1894 1938 1957 πανδοκεῖον
1987 1896 2316 1973 ὑπολαβὼν

986 2004 1089 2067 καὶ
1132 2003 1250 2072 τὰς
1302 2002 1547 2079 ἑταίρας
1598 2002 2070 2079 εἰσαγαγὼν
2119 2013 2196 2081 τῇ
2247 2000 2560 2081 παρθένῳ,

578 2110 786 2176 multo
860 2113 1066 2175 acrius
1140 2114 1203 2174 et
1266 2112 1748 2173 convenientius
1809 2112 2074 2173 verbum
2141 2113 2294 2175 erit:
2363 2113 2729 2188 ἐπαγαγών.
2825 2110 2944 2175 Sed

574 2220 691 2283 hoc
762 2219 1021 2283 fortasse
1090 2218 1229 2281 leve
1298 2223 1421 2292 est;
1490 2219 1704 2300 itaque
1769 2220 2195 2299 experiemur,
2262 2241 2412 2281 num
2469 2219 2610 2305 plus
2659 2219 2946 2303 prodesse

577 2328 891 2409 possimus
938 2324 1296 2408 Euphronis
1344 2322 1515 2397 loco,
1590 2344 1778 2405 quem
1829 2322 2192 2387 Meinekius
2241 2324 2430 2387 habet
2477 2347 2533 2409 p.
2592 2323 2753 2389 486:

936 2437 1176 2495 πολλῶν
1226 2426 1527 2505 μαθητῶν
1576 2427 1908 2505 γενομένων
1961 2430 2096 2503 ἐμοί
2112 2480 2125 2500 ,
2176 2431 2383 2503 Λύκε,

928 2536 1027 2603 διὰ
1078 2538 1145 2602 τὸ
1194 2544 1343 2601 νοεῖν
1390 2538 1490 2600 ozei
1535 2562 1593 2599 τι
1646 2536 1746 2599 καὶ
1797 2538 2063 2616 ψυχὴν
2103 2536 2309 2616 ἔχειν,

934 2644 1079 2710 ἄπει
1130 2645 1403 2722 γεγονὼς
1452 2642 1744 2721 μάγειρος
1795 2645 1861 2706 ἐκ
1904 2653 2012 2714 τῆς
2065 2644 2255 2714 οἰκίας

938 2753 995 2815 ἕν
1047 2753 1165 2829 οὐχ
1216 2747 1369 2820 ὅλοις
1422 2749 1565 2812 δέκα
1622 2750 1771 2824 μησὶ
1823 2751 1979 2814 πολὺ
2031 2751 2380 2814 νεώτατο
2401 2775 2447 2820 ς.

576 2861 699 2939 Qui
767 2859 871 2923 hic
936 2858 1249 2942 loquitur,
1324 2879 1559 2941 coquus
1622 2861 1751 2932 est;
1819 2858 2069 2938 copiose
2133 2857 2352 2922 laudat
2401 2877 2576 2921 suam
2631 2869 2830 2922 artem
2885 2877 2948 2924 et

574 2967 842 3030 eximios
913 2967 1092 3029 brevi
1166 2977 1445 3048 tempore
1510 2965 1824 3048 profectus
1883 2964 2082 3048 Lyci,
2151 2987 2336 3048 quem
2402 2968 2478 3030 ad
2527 2974 2724 3030 artem
2775 2969 2948 3030 facti-

575 3073 831 3137 tandam
896 3074 1278 3136 instituerat.
1375 3069 1635 3153 Semper
1695 3076 1907 3134 autem
1975 3073 2284 3157 magister
2350 3073 2584 3136 multos
2645 3075 2951 3139 habuerat

575 3179 945 3264 discipulo&
1024 3200 1143 3242 non
1216 3178 1381 3261 quod
1446 3176 1720 3240 habebat
1769 3178 2010 3254 ψυχὴν.
2062 3178 2166 3240 sed
2206 3181 2370 3261 quod
2417 3179 2713 3260 τέχνην
2763 3181 2950 3245 habe-

574 3287 704 3349 bat.
806 3284 1004 3349 Miror
1064 3285 1131 3348 id
1177 3305 1295 3348 non
1348 3285 1752 3348 observatum
1804 3284 1997 3346 fuisse
2045 3284 2502 3362 Herwerdeno‚
2552 3290 2658 3370 qui
2708 3287 2784 3350 de
2831 3289 2948 3352 hoc

574 3393 933 3478 fragmento
1000 3391 1171 3456 haud
1244 3389 1437 3454 semel
1502 3391 1664 3454 dixit
1730 3396 1791 3453 et
1853 3393 2212 3474 nuperrime
2277 3391 2517 3456 Mnem.
2585 3393 2776 3457 XVII
2840 3392 2946 3457 81.

568 3497 943 3562 incredibile
1015 3497 1188 3560 dictu
1260 3503 1382 3578 est,
1455 3499 1698 3580 quoties
1771 3496 1888 3560 hoe
1957 3497 2142 3560 modo
2209 3505 2482 3561 erratum
2549 3502 2666 3562 sit:
2717 3501 2950 3565 dixeris

572 3605 849 3670 librariis
917 3604 1171 3688 perinde
1230 3602 1423 3666 fuisse
1490 3603 1910 3668 scriberentne
1967 3606 2176 3680 ψυχή,
2227 3605 2390 3681 τύχη
2443 3627 2518 3668 an
2569 3607 2783 3687 τέχνη.
2836 3607 2950 3671 Le-

576 3712 753 3798 gitur
822 3709 984 3794 apud
1054 3709 1437 3792 Procopium
1510 3708 1706 3791 Epist.
1779 3707 1898 3772 73:
1969 3712 2268 3783 ἧςινσσσῦν
2331 3713 2593 3792 τύχης
2644 3717 2725 3784 εἷς
2775 3711 2948 3792 ἄκρον

578 3815 906 3897 ἄφῖχὸκι·
956 3837 1035 3878 ne
1084 3815 1441 3878 Heroherus
1490 3815 1782 3898 quidem,
1834 3815 1984 3876 dum
2038 3814 2362 3898 Epistulas
2410 3819 2665 3902 edebat,
2716 3842 2774 3904 p.
2821 3821 2950 3885 560

578 3923 840 4012 agnovit
901 3942 1115 3986 veram
1177 3923 1591 4003 scripturam,
1660 3941 1851 4002 quam
1918 3921 2142 3999 τέχνης
2193 3944 2325 3988 esse
2372 3927 2684 3989 concedes
2785 3927 2950 4007 Quid

576 4037 790 4095 autem
846 4027 1007 4091 illud
1060 4037 1184 4100 est,
1240 4026 1403 4110 quod
1452 4027 1615 4109 apud
1673 4027 2066 4110 Euphrouem
2123 4029 2441 4112 sequitur?
2540 4031 2808 4117 Abibis,
2857 4037 2950 4097 in-

574 4139 743 4221 quit,
792 4141 931 4219 post
982 4135 1195 4196 decem
1246 4153 1491 4196 mensus
1542 4135 1828 4197 omnium
1877 4135 2330 4218 discipulorum
2408 4159 2694 4201 meorum
2759 4139 2946 4225 longe

575 4243 893 4312 νεώτατος.
966 4239 1109 4304 Non
1172 4239 1288 4302 hoc
1354 4245 1570 4324 egerat
1634 4237 1886 4323 Lycus,
1950 4247 2021 4303 ut
2087 4263 2195 4325 per
2241 4243 2358 4306 hoc
2408 4247 2682 4326 spatium
2733 4267 2950 4330 repue-

574 4354 873 4416 rasceret,
948 4347 1054 4410 sed
1120 4351 1192 4408 ut
1259 4349 1457 4408 artem
1526 4344 1874 4410 addisceret
1933 4349 1992 4408 in
2046 4347 2256 4410 culina
2307 4353 2368 4410 et
2415 4352 2755 4432 sapientior
2801 4375 2950 4416 eva-

574 4457 765 4520 deret.
850 4452 1015 4532 Quid
1092 4453 1289 4537 igitur
1350 4449 1699 4514 faciemus?
1771 4451 2253 4536 Reponemusne
2319 4454 2716 4535 σεφώτκτοεῩ
2811 4459 2952 4524 Non
