3369 5142
1360 297 1779 347 mnocrmms.
2637 272 2767 347 445

389 470 597 549 λέγειν
658 468 745 543 οἷς
813 470 1145 549 διέβαλλεν
1196 470 1229 544 ἢ
1277 468 1583 553 τάναντία
1634 471 1813 533 εἰπὼν
1861 472 2088 550 ψευδὴς
2140 473 2607 550 ΦανῆσεΕΘΛῑ.
2701 472 2772 537 Si

389 578 741 665 genuinum
814 583 978 642 esset
1048 578 1081 651 ἦ
1156 574 1365 639 ταῦτα
1438 573 1645 651 λέγειν
1709 595 1823 660 pro
1883 578 2272 655 φανήσεσθαι
2333 598 2582 643 necesse
2641 586 2775 643 erat

385 684 714 763 φαίνεσθαι
780 683 1085 759 scribere,
1146 701 1372 764 nempe
1436 680 2009 757 οἰναγκασθὴσεται.
2061 680 2184 745 Sed
2231 684 2460 747 vitiose
2507 686 2684 767 prius
2733 687 2764 747 ἢ

385 792 835 875 interpositum
898 795 995 853 est
1056 802 1121 851 et
1176 806 1327 852 vera
1372 785 1563 850 lectio
1610 786 1766 851 haec
1811 792 1942 851 est:
1991 787 2171 865 γνοὺς
2219 783 2311 851 ὅτι
2357 788 2766 865 ἀναγκασθή-

386 919 565 959 σεται
629 895 837 960 ταῦτα
898 893 1105 971 λέγειν
1166 887 1249 963 οἷς
1315 890 1647 967 διέβαλλεν
1700 894 1734 966 ἦ
1782 893 2088 957 τάναντία
2135 895 2314 958 εἰπὼν
2359 893 2590 973 ψευδὴς
2638 901 2768 975 Φα-

386 1002 726 1075 νήσΕΤΛΙ.
792 1000 949 1080 Quis
1012 1002 1077 1063 in
1142 1000 1429 1061 animum
1496 998 1792 1063 inducere
1855 1000 2016 1063 serio
2061 1004 2270 1083 potest
2317 998 2762 1079 ἀναγκάζομαι

390 1108 776 1187 φανήσεσθαι
828 1104 1067 1171 Graece
1107 1104 1231 1168 dici
1271 1122 1451 1187 posse
1488 1123 1600 1187 pro
1640 1101 2010 1184 φαίνεσθαιῖ
2062 1102 2258 1169 Cleon
2291 1107 2385 1170 ita
2408 1106 2763 1191 cogitabat:

389 1212 949 1289 ὦναγκασθήσομαι
1018 1210 1104 1273 τὰ
1166 1208 1335 1274 αὐτοὶ
1377 1205 1583 1284 λέγειν
1636 1247 1710 1255 -
1771 1208 1802 1281 ἢ
1853 1207 2080 1286 ψευδὴς
2132 1210 2496 1289 φανήσομαι
2545 1211 2678 1275 sive
2727 1212 2762 1285 ἣ

386 1319 754 1398 ψευδόμενος
801 1316 1152 1394 οὶλώσομαι.

477 1530 765 1617 Thucyd.
830 1528 935 1595 IV.
1002 1528 1106 1593 28.
1174 1535 1289 1591 τῶν
1350 1528 1681 1602 Ἀθηναίων
1744 1553 1803 1592 τι
1855 1527 2452 1608 ὑποθορυβησοὶντων.
2546 1530 2766 1615 Neque

393 1637 781 1716 ὑποθορυβεῖν
830 1632 1146 1702 Graecum
1194 1638 1290 1697 est
1338 1638 1401 1697 et
1447 1657 1504 1696 τι
1554 1632 1667 1698 illo
1713 1633 1851 1699 loco
1889 1636 2037 1719 poni
2085 1655 2208 1699 non
2249 1637 2479 1719 potuit.
2519 1635 2766 1722 Legen-

386 1745 542 1808 dum
591 1746 707 1807 τῶν
757 1742 1087 1813 Ἀθηναίων
1139 1738 1284 1802 ὑπό
1329 1763 1405 1803 τι
1454 1738 1934 1819 θορυβησάντων.
2029 1740 2272 1805 Notum
2323 1746 2418 1804 est
2462 1760 2534 1805 eo
2580 1761 2766 1805 sensu

387 1850 505 1915 ὑπό
548 1874 609 1912 τι
656 1854 718 1912 et
761 1846 1053 1930 exempla
1090 1842 1277 1929 plena
1317 1864 1515 1908 manu
1552 1843 1730 1909 dedit
1767 1845 2085 1909 Porsonus
2123 1852 2188 1909 et
2225 1848 2292 1909 in
2315 1846 2770 1927 Aristophanae

385 1956 463 2020 ad
520 1954 567 2019 V
571 1978 739 2037 espa-3
786 1974 879 2019 vs,
933 1950 1130 2014 1281.
1181 1954 1245 2015 et
1292 1952 1359 2013 in
1404 1950 1739 2015 Adversar.
1787 1971 1934 2037 pag.
1993 1951 2136 2015 147.

838 2059 913 2127 ὥς
962 2055 1078 2120 ὑπό
1122 2079 1181 2119 τι
1233 2054 1509 2137 νυςοὶζειν
1558 2080 1638 2133 γε
1684 2058 1908 2128 καύτὸς
1960 2053 2261 2136 ἄρχομαι.

389 2171 455 2232 et
500 2164 743 2231 similia
790 2162 1116 2248 complura
1160 2164 1413 2247 passim.

476 2374 767 2462 Thucyd.
822 2374 940 2439 IV.
991 2372 1097 2437 28.
1150 2372 1210 2437 3.
1264 2375 1615 2439 rectissime
1664 2370 2052 2439 Herwerden
2101 2373 2418 2440 scholion:
2477 2373 2610 2461 [καὶ
2659 2378 2764 2441 οὐκ

386 2484 462 2548 ἂν
509 2480 772 2559 οἰόμενός
823 2483 873 2545 οἱ
925 2482 1109 2545 αὐτὸν
1160 2488 1475 2557 τολμῆσαι
1524 2481 1946 2565 ὑποχωρῆσαι]
1995 2480 2384 2564 adscriptum
2431 2482 2510 2545 ad
2572 2483 2766 2547 verba

385 2609 545 2674 quae
587 2589 1005 2673 praecedunt:
1053 2573 1315 2662 οἰόμενος
1367 2589 1549 2652 αὐτὸν
1608 2589 1776 2665 λόγῳ
1818 2586 1994 2663 μόνον
2042 2587 2329 2666 ἀφιέναι,
2381 2608 2507 2652 una
2567 2588 2764 2654 litura

386 2695 580 2759 deleri
627 2694 831 2757 iussit.
887 2691 1066 2772 Quod
1117 2699 1261 2757 ante
1310 2692 1464 2757 haec
1512 2693 1706 2758 verba
1753 2692 1994 2779 legitur
2038 2691 2238 2764 δεδιὼς
2292 2692 2399 2769 ἤδη
2453 2695 2520 2757 in
2577 2715 2763 2759 suam

384 2801 595 2865 sedem
659 2799 1085 2862 revocandum
1149 2817 1281 2862 esse
1345 2818 1563 2863 censeo
1624 2801 1692 2862 in
1753 2799 1922 2862 hunc
1985 2798 2285 2862 modum:
2332 2799 2514 2875 γνοὺς
2563 2801 2626 2864 δὲ
2675 2801 2760 2878 τῷ

382 2905 503 2971 ὄντι
552 2905 1051 2984 παραδωσείοντα
1098 2904 1324 2989 (δεδιὼς
1372 2903 1509 2988 ἤδη)
1558 2905 1848 2984 ανεχώρει
1903 2903 2008 2968 καὶ
2058 2905 2164 2968 οὐκ
2211 2901 2332 2984 ἔφη
2382 2906 2568 2978 αὐτὸς
2610 2908 2759 2970 ἀλλ’

385 3013 603 3078 ἐκεῖνον
653 3018 1007 3093 ςρατηγεῖν.
1929 3021 1938 3028 “

474 3229 767 3317 Thucyd.
822 3230 925 3296 IV.
980 3227 1089 3296 28.
1142 3231 1204 3295 5.
1253 3229 1662 3311 λογιζομένοις
1714 3229 1872 3296 δυοῖν
1917 3231 2176 3309 ἀγαθοῖν
2221 3235 2326 3296 τοῦ
2377 3229 2575 3314 ἑτέρου
2623 3229 2762 3298 τεύ-

380 3335 630 3421 ξεσθαι,
694 3338 727 3412 ἢ
794 3337 1062 3409 Κλέωνος
1131 3337 1750 3416 ἀπαλλαγήσεσθαι,
1803 3333 1830 3402 ὃ
1878 3339 2128 3413 μᾶλλον
2169 3337 2456 3420 ἤλπιζον,
2508 3339 2540 3414 ἢ
2589 3343 2758 3420 σφα-

383 3453 542 3509 λεῖσι
586 3443 837 3521 γνώμης
885 3444 1411 3519 Λακεδαιμονίους
1460 3443 1641 3524 σφίσι
1692 3443 2108 3526 χειρώσεσθαι.
2171 3443 2418 3508 Mirum
2467 3449 2536 3510 ni
2583 3446 2760 3511 Thu-

383 3549 643 3635 cydides
708 3551 1065 3636 scripserit:
1140 3549 1296 3614 δυοῖν
1366 3549 1625 3625 οὶγαθοῖν
1696 3547 1982 3627 θατέρου,
2052 3553 2124 3612 ut
2183 3569 2403 3614 omnes
2466 3551 2760 3618 dicebant

383 3656 537 3723 δυοῖν
582 3655 847 3736 θάτερον.
900 3657 1230 3722 Praeterea
1274 3655 1673 3734 χειρώσεσθαι
1724 3654 1900 3734 (libri
1938 3655 2382 3744 χειρώσασθαι)
2421 3677 2545 3723 non
2579 3659 2762 3724 satis·

379 3763 533 3828 facit
580 3769 645 3828 et
690 3767 945 3847 propter
990 3769 1293 3844 σφαλεῖσι
1342 3761 1590 3839 γνώμκς
1639 3762 1888 3844 requiro
1934 3761 2198 3845 perfecti
2245 3763 2538 3829 futurum
2575 3767 2754 3845 σφίσι

378 3869 911 3947 ΚΕχειρώσεσθαι.
1008 3867 1111 3931 Ita
1170 3868 1567 3954 cogitabant:
1630 3865 1756 3940 ἤτοι
1816 3871 1924 3930 τοῦ
1973 3866 2241 3940 Κλέωνος
2290 3869 2759 3947 ἀπαλλαγησό-

378 3975 541 4050 μεθα
591 3973 623 4048 ἢ
678 3973 727 4036 οἱ
777 3971 1251 4049 Λακεδαιμόνιοι
1301 3975 1443 4050 ἡμῖν
1494 3971 1916 4051 κεχειρωμένοι
1964 3969 2222 4038 ἔσονται.

468 4184 761 4270 Thucyd.
812 4184 924 4249 IV.
973 4183 1081 4250 29.
1124 4183 1195 4249 ’2.
1246 4186 1347 4249 τὸν
1398 4185 1461 4249 δὲ
1511 4184 1864 4262 Δημοσθένη
1917 4185 2270 4265 προσέλαβε
2313 4188 2753 4265 πυνθανόμενος

381 4292 489 4365 τὴν
536 4291 855 4368 απόβασιν
904 4291 1091 4355 αὐτὸν
1141 4290 1199 4358 ές
1250 4292 1357 4365 τὴν
1405 4301 1575 4366 νῆσον
1624 4293 2004 4358 διανοεῖσθαι.
2055 4293 2138 4356 Et
2185 4292 2336 4358 olim
2391 4297 2756 4380 suspicabar

382 4407 445 4460 et
489 4418 657 4462 nunc
702 4401 983 4483 suspicor
1028 4404 1282 4482 propter
1328 4397 1776 4474 ὃμοιοτέλευτον
1826 4399 2136 4464 excidisse
2183 4402 2506 4480 ποιεῖσθαι,
2555 4401 2622 4466 id
2661 4409 2758 4472 est
