3369 5142
1370 370 1800 420 rnucrnmm.
2629 355 2776 460 ‘175

383 549 703 628 βοηθήσειν
774 546 1035 613 Classen
1104 544 1443 634 vulgatam
1514 564 1551 608 a
1620 544 1984 610 coniectura
2043 545 2189 613 mea
2251 547 2337 620 δη
2399 571 2440 614 τ
2459 547 2587 621 οὺς
2657 567 2770 633 pro

386 656 613 728 αὐτούς
660 657 751 720 sic
806 652 1089 718 defendit
1134 657 1211 716 ut
1254 671 1450 736 pravo
1496 649 1840 716 verborum
1887 651 2106 717 ordine
2141 654 2372 740 iungat
2410 654 2772 736 προῄσθοντο

384 765 455 828 ἐκ
500 771 613 836 τῆς
662 759 987 834 Μιλήτου,
1036 778 1201 843 quae
1248 759 1305 822 si
1348 777 1569 822 revera
1615 757 1940 841 scriptoris
1987 777 2166 824 mens
2212 760 2372 843 fuit,
2418 765 2534 826 aut
2577 762 2774 848 scrip-

384 869 471 934 sit
519 868 588 931 ἐκ
634 875 745 941 τῆς
794 865 1081 939 Μιλήτου
1130 863 1353 934 αὐτοὺς
1402 867 1515 927 aut
1561 882 1816 946 prorsus
1861 865 2083 928 omisit
2130 865 2323 930 verba
2370 865 2440 931 ἐκ
2488 873 2598 941 τῆς
2650 876 2774 932 Μι-

385 974 606 1052 λήτου,
684 974 836 1058 quia
894 971 1043 1037 inde
1105 991 1209 1036 eos
1266 989 1405 1034 rem
1466 974 1611 1033 ante
1670 971 1999 1034 rescivisse
2045 968 2217 1036 ultro
2267 972 2611 1056 apparebat
2657 995 2774 1040 nec

385 1079 619 1146 diserte
668 1083 805 1146 erat
850 1075 1343 1165 significandum
1364 1123 1381 1152 ,
1430 1095 1581 1139 cum
1629 1077 2002 1159 praesertim
2050 1097 2126 1142 ea
2167 1097 2270 1142 res
2316 1076 2560 1144 nullius
2609 1086 2774 1147 esset

384 1187 718 1252 momenti.
804 1183 989 1249 Novo
1037 1182 1309 1266 denique
1356 1186 1719 1246 mactamur
1763 1180 2144 1248 emblemate
2191 1185 2260 1248 in
2306 1185 2461 1269 ipsis
2507 1205 2772 1270 sequen-

384 1293 559 1356 tibus
620 1289 727 1354 τὸν
789 1288 1255 1368 Στρομβιχίδην
1320 1288 1389 1352 ἐκ
1458 1290 1563 1352 τοῦ
1612 1285 2076 1360 Ἑλλησπόντου
2125 1287 2304 1368 σφίσι
2354 1297 2494 1364 ταῖς
2546 1293 2614 1356 ἐκ
2660 1301 2773 1368 τῆς

386 1397 533 1462 Χίου
578 1395 789 1461 ναυσὶν
840 1395 972 1480 [ἐπ’
1010 1394 1287 1472 ’Ἄβυδον
1328 1393 1421 1480 (Β.
1454 1391 1756 1474 Ἀβύδου)
1796 1393 2242 1478 ἀφικομέναις]
2271 1395 2767 1476 προσβοηθήσειν,

384 1505 498 1569 ubi
583 1505 722 1568 iure
790 1500 1049 1567 Classen
1120 1521 1233 1586 pro
1301 1497 1717 1582 ἀφικομέναις
1788 1479 2163 1584 expectabat
2234 1502 2768 1585 οὶφωρ,ωημέναις;

381 1608 549 1695 qnod
599 1609 773 1674 enim
820 1609 957 1691 ipse
1002 1609 1271 1692 scriptor
1314 1610 1577 1672 noverat
1622 1604 1934 1692 Abydum
1983 1626 2088 1671 eas
2133 1628 2328 1674 naves
2375 1613 2770 1693 pervenisse,

378 1717 760 1804 ignorabant
828 1715 1167 1780 etiamtum
1239 1710 1678 1777 Athenienses.
1775 1709 1902 1776 Sed
1970 1711 2132 1778 nihil
2203 1714 2516 1782 attinebat
2579 1717 2780 1808 verba·

380 1821 487 1887 hic
552 1819 809 1886 inutilia
870 1818 1251 1894 adscribere,
1320 1838 1481 1902 quae
1546 1817 1719 1883 haud
1780 1816 2004 1883 dubito
2065 1821 2220 1902 quin
2267 1820 2526 1886 sedulus
2572 1821 2775 1889 lector

382 1926 541 1994 olim
588 1928 657 1992 in
704 1924 1085 2010 exemplaris
1132 1927 1233 1990 sni
1276 1925 1570 2011 margine
1608 1925 1970 2009 appinxerit
2006 1945 2256 1991 memor
2291 1925 2419 1992 loci
2456 1926 2564 2013 62,
2591 1926 2634 1992 2
2658 1930 2772 1995 ubi

382 2054 457 2100 ea
503 2053 602 2099 res
647 2037 901 2098 narrata
948 2035 1065 2097 est.

473 2137 624 2204 VIII
670 2137 777 2217 81,
834 2139 893 2202 1.
959 2139 1039 2204 ΟΞ
1086 2137 1149 2204 δὲ
1196 2141 1533 2216 τροεςῶτες
1585 2137 1649 2201 ἐν
1695 2145 1772 2218 τῇ
1825 2136 2024 2220 Σάμῳ
2073 2138 2178 2203 καὶ
2227 2137 2478 2217 μάλιςα
2528 2141 2769 2222 Θρασύ·

379 2245 643 2324 βουλος,
694 2245 797 2310 οέεί
840 2269 927 2310 τε
976 2252 1087 2320 τῆς
1138 2245 1333 2320 αὐτῆς
1381 2243 1630 2322 γνώμης
1683 2241 2017 2323 ἐχόμενος,
2069 2244 2276 2321 ἐπειδὴ
2325 2245 2632 2324 μετέςησε
2680 2248 2768 2314 τὰ

380 2351 782 2436 πράγματα,
834 2349 949 2420 ὅτε
995 2359 1401 2428 καταγαγεῖν
1448 2350 1551 2415 τὸν
1601 2347 2053 2427 ’Λλκιβιοέδην,
2103 2352 2236 2416 καὶ
2287 2349 2462 2426 τέλος
2511 2353 2611 2418 ἐπ’
2660 2355 2764 2419 ἐκ·

380 2457 645 2532 κλησίας
695 2455 903 2522 ἔπεισε
949 2456 1019 2521 τὸ
1066 2457 1293 2531 πλῆθος
1341 2457 1467 2521 κτέ.
1564 2454 1896 2522 Sententia
1941 2456 2034 2522 ita
2081 2462 2177 2524 est
2223 2458 2645 2537 conformata,
2691 2465 2766 2525 ut

378 2567 434 2630 si
497 2566 813 2651 genuinae
878 2570 1085 2630 essent
1129 2561 1393 2630 voculae
1441 2587 1513 2628 τε
1561 2561 1666 2627 καὶ
1715 2565 2064 2629 necessario
2113 2563 2558 2653 corrigendum
2605 2563 2768 2633 foret

370 2670 589 2752 εἴχετο
660 2690 773 2756 pro
839 2668 1187 2750 exdasvocs·
1246 2670 1537 2736 Priorem
1600 2668 1862 2753 quidem
1924 2672 1992 2733 in
2053 2670 2203 2735 ποτέ
2269 2670 2522 2755 Poppo,
2571 2670 2638 2737 in
2685 2696 2764 2749 γε

366 2776 581 2842 lenius
643 2776 945 2842 Meineke
1008 2776 1393 2841 mutandum
1440 2796 1575 2841 esse
1623 2776 1928 2858 coniecit,
1979 2776 2086 2841 sed
2133 2796 2258 2841 non
2304 2778 2518 2864 magis
2567 2776 2769 2844 feren-

366 2882 527 2948 dum
588 2890 685 2947 est
745 2880 897 2959 καί,
958 2881 1157 2967 quod,
1208 2886 1284 2947 ut
1330 2902 1500 2947 error
1546 2900 1822 2946 errorem
1869 2901 2084 2965 parere
2133 2881 2394 2960 assolet,
2445 2904 2484 2949 a
2531 2902 2770 2951 correc-

366 2988 612 3054 toribus
672 2990 931 3074 propter
979 3011 1050 3051 τε
1098 2988 1259 3052 vitio
1309 2991 1537 3052 natum
1587 2989 1902 3052 insertum
1950 3006 2084 3053 esse
2129 2986 2529 3054 crediderim.
2622 2988 2767 3057 Non

362 3093 535 3161 male
604 3100 945 3179 utramque
1006 3092 1247 3159 delevit
1310 3092 1626 3179 Krueger.
1727 3092 1800 3157 In
1865 3093 2277 3177 sequentibus
2324 3092 2655 3171 γενομένης
2706 3094 2769 3161 δὲ

362 3202 699 3276 ἐκκλησίας
770 3202 881 3277 τήν
951 3224 1022 3265 τε
1086 3199 1245 3265 ἰδίαν
1306 3196 1636 3280 ξυμφορὰν
1705 3203 1845 3283 [τῆς
1891 3198 2137 3286 φυγῆς]
2215 3200 2602 3281 ἐπῃτιάσατο
2659 3201 2766 3266 καὶ

358 3307 805 3389 ἄνωλοφύρατο
866 3307 895 3371 ὅ
955 3304 1371 3382 Ἀλκιβιάδης
1394 3352 1409 3383 ,
1460 3306 1628 3391 quod
1676 3304 2006 3392 eleganter
2055 3306 2324 3389 scriptor
2371 3305 2622 3373 dixerat
2671 3308 2770 3373 in-

358 3418 853 3500 terpretamento
904 3412 1097 3500 (qnod
1146 3414 1345 3477 etiam
1392 3414 1635 3477 incerta
1684 3413 1751 3476 in
1799 3410 1984 3477 libris
2035 3410 2182 3478 sede
2222 3412 2544 3499 arguitur)
2586 3432 2764 3479 more

358 3538 475 3585 suo
521 3518 700 3583 scioli
747 3520 1187 3604 inquinarunt.

450 3622 599 3689 VIII
646 3621 755 3698 83,
806 3626 869 3689 2.
914 3620 1253 3705 ξυνηνέχθη
1303 3623 1429 3701 γὰρ
1480 3624 1690 3695 αὐτοῖς
1723 3660 1808 3673 -
1835 3626 2046 3699 πολλῶ
2099 3625 2160 3695 ἐς
2211 3626 2320 3699 την
2368 3624 2766 3700 μισθοδοσίαν

360 3728 461 3793 τὸν
539 3728 941 3809 Τισσαφέρνη
1030 3728 1431 3809 οὶρρωςότερον
1520 3728 1863 3809 γενόμενον.
1962 3730 2066 3796 Ita
2137 3737 2308 3796 recte
2377 3730 2764 3798 scriberetur

359 3836 438 3901 de
506 3854 577 3901 eo
641 3836 752 3920 qui
814 3842 1001 3901 antea
1064 3837 1221 3899 satis
1282 3834 1615 3901 liberalem
1672 3857 1740 3901 se
1789 3835 2240 3921 praestitisset,
2288 3841 2356 3901 at
2405 3839 2578 3901 enim
2622 3840 2758 3904 iam

356 3940 605 4007 dudum
651 3940 1137 4027 Tissaphernem
1187 3941 1255 4005 in
1302 3960 1375 4005 ea
1422 3962 1487 4006 re
1533 3940 1800 4022 ἄρρωςον
1848 3944 2042 4007 fuisse
2089 3942 2389 4007 vidimus.
2435 3938 2534 4009 Cf.
2577 3963 2772 4030 snpra

356 4046 469 4125 45,
506 4044 568 4117 2.
612 4044 719 4121 46,
766 4046 828 4111 5.
868 4044 980 4121 50,
1025 4044 1085 4110 3.
1130 4044 1239 4123 80,
1287 4049 1343 4111 1.
1440 4045 1647 4126 Quare
1689 4050 2116 4113 necessarium
2156 4054 2311 4133 puto
2349 4048 2562 4129 πολλῷ
2607 4046 2756 4135 (ἔτι)

353 4154 414 4224 ἐς
460 4176 523 4218 τ.
555 4176 629 4231 μ.
651 4175 711 4217 τ.
738 4160 821 4217 Τ.
868 4152 1265 4232 anwed-repon
1331 4151 1683 4229 γενόμενον.
1735 4148 1831 4219 Of.
1883 4152 1994 4236 85,
2047 4151 2106 4217 3.
2159 4153 2496 4220 Facillime
2543 4160 2762 4220 autem

353 4255 567 4341 elapsa
612 4265 707 4323 est
752 4255 980 4323 vocula
999 4305 1013 4331 ‚
1067 4256 1235 4323 lecta
1282 4263 1347 4322 et
1396 4258 1577 4324 brevi
1616 4262 1764 4324 ante
1803 4263 1868 4321 et
1908 4260 2130 4323 statim
2169 4264 2314 4343 post
2351 4259 2508 4324 haec
2533 4259 2748 4325 verba.

444 4362 603 4427 VIII
648 4362 757 4447 84,
808 4362 869 4429 3.
921 4364 989 4427 τὸ
1040 4364 1101 4429 δὲ
1152 4366 1379 4439 πλῆθος
1428 4369 1544 4427 τῶν
1593 4368 1944 4443 ςρατιωτῶν
1999 4401 2079 4413 -
2125 4362 2414 4444 ὥρμησαν
2465 4364 2772 4445 ἐκραγέν.

354 4492 455 4543 τες
511 4470 612 4535 ἐπὶ
674 4470 776 4535 τὸν
833 4470 1141 4553 ’Λςύοχον
1203 4467 1349 4540 ὅτε
1410 4471 1708 4549 βάλλειν.
1807 4468 2056 4539 collato
2105 4470 2306 4537 simili
2362 4471 2498 4539 loco
2553 4470 2662 4558 75,
2731 4471 2764 4539 l
