<?xml version="1.0" encoding="UTF-8"?>
<!DOCTYPE html PUBLIC "-//W3C//DTD XHTML 1.0 Transitional//EN"
    "http://www.w3.org/TR/xhtml1/DTD/xhtml1-transitional.dtd">
<html xmlns="http://www.w3.org/1999/xhtml" xml:lang="en" lang="en">
 <head>
  <title>
</title>
<meta http-equiv="Content-Type" content="text/html;charset=utf-8" />
  <meta name='ocr-system' content='tesseract 3.04.00' />
  <meta name='ocr-capabilities' content='ocr_page ocr_carea ocr_par ocr_line ocrx_word'/>
</head>
<body>
  <div class='ocr_page' id='page_1' title='image "./mnemosynevolume01verdgoog_0133.png"; bbox 0 0 3369 5142; ppageno 0'>
   <div class='ocr_carea' id='block_1_1' title="bbox 1377 326 2777 405">
    <p class='ocr_par' dir='ltr' id='par_1_1' title="bbox 1377 326 2777 405">
     <span class='ocr_line' id='line_1_1' title="bbox 1377 326 2777 405; baseline -0.002 -3"><span class='ocrx_word' id='word_1_1' title='bbox 1377 349 1806 405; x_wconf 75' lang='lat' dir='ltr'><strong>rnucrnmns.</strong></span> <span class='ocrx_word' id='word_1_2' title='bbox 2650 326 2777 399; x_wconf 83' lang='lat'><strong>121</strong></span> 
     </span>
    </p>
   </div>
   <div class='ocr_carea' id='block_1_2' title="bbox 401 523 2801 1471">
    <p class='ocr_par' dir='ltr' id='par_1_2' title="bbox 401 523 2801 1471">
     <span class='ocr_line' id='line_1_2' title="bbox 401 523 2799 606; baseline -0.001 -15"><span class='ocrx_word' id='word_1_3' title='bbox 401 524 514 591; x_wconf 88' lang='lat' dir='ltr'><strong>ubi</strong></span> <span class='ocrx_word' id='word_1_4' title='bbox 573 524 818 591; x_wconf 83' lang='lat' dir='ltr'><strong>Dobree</strong></span> <span class='ocrx_word' id='word_1_5' title='bbox 866 523 1131 598; x_wconf 83' lang='grc' dir='ltr'><em>Ἀθηνῶν</em></span> <span class='ocrx_word' id='word_1_6' title='bbox 1176 526 1468 589; x_wconf 78' lang='lat' dir='ltr'><strong>correxit.</strong></span> <span class='ocrx_word' id='word_1_7' title='bbox 1517 528 1583 591; x_wconf 85' lang='lat' dir='ltr'><strong>et</strong></span> <span class='ocrx_word' id='word_1_8' title='bbox 1628 524 1711 590; x_wconf 91' lang='lat' dir='ltr'><strong>II.</strong></span> <span class='ocrx_word' id='word_1_9' title='bbox 1763 523 1869 591; x_wconf 88' lang='grc'><strong>86.</strong></span> <span class='ocrx_word' id='word_1_10' title='bbox 1927 524 1989 590; x_wconf 91' lang='grc'><strong>6.</strong></span> <span class='ocrx_word' id='word_1_11' title='bbox 2040 524 2178 606; x_wconf 74' lang='grc' dir='ltr'><em>πρίν</em></span> <span class='ocrx_word' id='word_1_12' title='bbox 2225 549 2285 590; x_wconf 85' lang='grc' dir='ltr'><strong>τι</strong></span> <span class='ocrx_word' id='word_1_13' title='bbox 2335 524 2441 590; x_wconf 72' lang='grc' dir='ltr'><strong>καὶ</strong></span> <span class='ocrx_word' id='word_1_14' title='bbox 2491 525 2617 591; x_wconf 69' lang='lat' dir='ltr'><strong>oin-b</strong></span> <span class='ocrx_word' id='word_1_15' title='bbox 2680 528 2799 591; x_wconf 78' lang='grc' dir='ltr'><strong>τῶν</strong></span> 
     </span>
     <span class='ocr_line' id='line_1_3' title="bbox 405 630 2793 709; baseline -0 -11"><span class='ocrx_word' id='word_1_16' title='bbox 405 632 736 709; x_wconf 77' lang='grc' dir='ltr'><em>Ἀθηναίων</em></span> <span class='ocrx_word' id='word_1_17' title='bbox 783 631 1186 708; x_wconf 73' lang='grc' dir='ltr'><strong>ἐπιβοηθῆσαι</strong></span> <span class='ocrx_word' id='word_1_18' title='bbox 1237 630 1602 696; x_wconf 79' lang='lat' dir='ltr'><strong>emendavit</strong></span> <span class='ocrx_word' id='word_1_19' title='bbox 1647 631 1921 697; x_wconf 85' lang='lat' dir='ltr'><strong>Bekker.</strong></span> <span class='ocrx_word' id='word_1_20' title='bbox 1972 631 2273 699; x_wconf 87' lang='lat' dir='ltr'><strong>Mendose</strong></span> <span class='ocrx_word' id='word_1_21' title='bbox 2312 632 2613 698; x_wconf 79' lang='lat' dir='ltr'>scribitur</span> <span class='ocrx_word' id='word_1_22' title='bbox 2652 632 2793 699; x_wconf 88' lang='lat' dir='ltr'><strong>VII.</strong></span> 
     </span>
     <span class='ocr_line' id='line_1_4' title="bbox 407 734 2799 813; baseline 0.001 -12"><span class='ocrx_word' id='word_1_23' title='bbox 407 736 510 804; x_wconf 81' lang='grc'><strong>57.</strong></span> <span class='ocrx_word' id='word_1_24' title='bbox 576 740 781 809; x_wconf 80' lang='grc' dir='ltr'><em>Ἴωνες</em></span> <span class='ocrx_word' id='word_1_25' title='bbox 852 736 1016 809; x_wconf 78' lang='grc' dir='ltr'><em>ὄντες</em></span> <span class='ocrx_word' id='word_1_26' title='bbox 1067 775 1150 785; x_wconf 92' lang='lat'>—</span> <span class='ocrx_word' id='word_1_27' title='bbox 1201 736 1319 801; x_wconf 71' lang='grc' dir='ltr'><strong>ἀπ’</strong></span> <span class='ocrx_word' id='word_1_28' title='bbox 1388 734 1760 811; x_wconf 76' lang='grc' dir='ltr'><em>’Λθηναίων,</em></span> <span class='ocrx_word' id='word_1_29' title='bbox 1832 744 1897 804; x_wconf 79' lang='lat' dir='ltr'><strong>et</strong></span> <span class='ocrx_word' id='word_1_30' title='bbox 1957 738 2097 805; x_wconf 86' lang='lat' dir='ltr'><strong>VII.</strong></span> <span class='ocrx_word' id='word_1_31' title='bbox 2168 737 2275 805; x_wconf 91' lang='grc'><strong>18.</strong></span> <span class='ocrx_word' id='word_1_32' title='bbox 2344 740 2456 813; x_wconf 74' lang='grc' dir='ltr'><strong>την</strong></span> <span class='ocrx_word' id='word_1_33' title='bbox 2502 738 2629 803; x_wconf 80' lang='grc' dir='ltr'><strong>α’πὸ</strong></span> <span class='ocrx_word' id='word_1_34' title='bbox 2682 740 2799 803; x_wconf 73' lang='grc' dir='ltr'><strong>τῶν</strong></span> 
     </span>
     <span class='ocr_line' id='line_1_5' title="bbox 407 841 2796 930; baseline -0.001 -19"><span class='ocrx_word' id='word_1_35' title='bbox 407 841 742 919; x_wconf 82' lang='grc' dir='ltr'><em>Ἀθηναίων</em></span> <span class='ocrx_word' id='word_1_36' title='bbox 790 843 1110 927; x_wconf 74' lang='grc' dir='ltr'><em>βοήθειαν,</em></span> <span class='ocrx_word' id='word_1_37' title='bbox 1157 847 1222 909; x_wconf 87' lang='lat' dir='ltr'><strong>et</strong></span> <span class='ocrx_word' id='word_1_38' title='bbox 1268 844 1506 908; x_wconf 89' lang='lat' dir='ltr'><strong>iterum</strong></span> <span class='ocrx_word' id='word_1_39' title='bbox 1553 842 1691 910; x_wconf 89' lang='lat' dir='ltr'><strong>VII.</strong></span> <span class='ocrx_word' id='word_1_40' title='bbox 1744 841 1851 909; x_wconf 82' lang='lat'><strong>42.</strong></span> <span class='ocrx_word' id='word_1_41' title='bbox 1898 844 2114 911; x_wconf 86' lang='lat' dir='ltr'><strong>Facile</strong></span> <span class='ocrx_word' id='word_1_42' title='bbox 2155 850 2253 910; x_wconf 89' lang='lat' dir='ltr'><strong>est</strong></span> <span class='ocrx_word' id='word_1_43' title='bbox 2290 845 2529 930; x_wconf 90' lang='lat' dir='ltr'><strong>ubique</strong></span> <span class='ocrx_word' id='word_1_44' title='bbox 2567 866 2796 910; x_wconf 82' lang='lat' dir='ltr'><strong>verum</strong></span> 
     </span>
     <span class='ocr_line' id='line_1_6' title="bbox 407 948 2798 1037; baseline -0.002 -19"><span class='ocrx_word' id='word_1_45' title='bbox 407 952 792 1028; x_wconf 88' lang='lat' dir='ltr'><strong>discernere,</strong></span> <span class='ocrx_word' id='word_1_46' title='bbox 864 969 1139 1035; x_wconf 84' lang='lat' dir='ltr'><strong>namque</strong></span> <span class='ocrx_word' id='word_1_47' title='bbox 1208 949 1276 1012; x_wconf 77' lang='grc' dir='ltr'><strong>ἐκ</strong></span> <span class='ocrx_word' id='word_1_48' title='bbox 1343 954 1406 1014; x_wconf 87' lang='lat' dir='ltr'><strong>et</strong></span> <span class='ocrx_word' id='word_1_49' title='bbox 1474 948 1603 1015; x_wconf 68' lang='grc' dir='ltr'><strong>ἀπό</strong></span> <span class='ocrx_word' id='word_1_50' title='bbox 1661 956 2131 1037; x_wconf 84' lang='lat' dir='ltr'><strong>componuntur</strong></span> <span class='ocrx_word' id='word_1_51' title='bbox 2191 970 2337 1017; x_wconf 89' lang='lat' dir='ltr'><strong>cum</strong></span> <span class='ocrx_word' id='word_1_52' title='bbox 2402 951 2615 1017; x_wconf 82' lang='lat' dir='ltr'><strong>verbis</strong></span> <span class='ocrx_word' id='word_1_53' title='bbox 2679 956 2798 1015; x_wconf 81' lang='grc' dir='ltr'><strong>τῶν</strong></span> 
     </span>
     <span class='ocr_line' id='line_1_7' title="bbox 407 1052 2796 1141; baseline 0 -18"><span class='ocrx_word' id='word_1_54' title='bbox 407 1059 706 1141; x_wconf 81' lang='grc' dir='ltr'><em>Ἀθηνῶν,</em></span> <span class='ocrx_word' id='word_1_55' title='bbox 778 1063 996 1121; x_wconf 82' lang='lat' dir='ltr'><strong>contra</strong></span> <span class='ocrx_word' id='word_1_56' title='bbox 1063 1052 1234 1136; x_wconf 71' lang='grc' dir='ltr'><em>παρά</em></span> <span class='ocrx_word' id='word_1_57' title='bbox 1297 1076 1446 1119; x_wconf 88' lang='lat' dir='ltr'><strong>cum</strong></span> <span class='ocrx_word' id='word_1_58' title='bbox 1508 1056 1723 1122; x_wconf 85' lang='lat' dir='ltr'><strong>verbis</strong></span> <span class='ocrx_word' id='word_1_59' title='bbox 1785 1064 1901 1123; x_wconf 79' lang='grc' dir='ltr'><strong>τῶν</strong></span> <span class='ocrx_word' id='word_1_60' title='bbox 1964 1057 2316 1130; x_wconf 76' lang='grc' dir='ltr'><em>Ἀθηναίων.</em></span> <span class='ocrx_word' id='word_1_61' title='bbox 2384 1057 2461 1123; x_wconf 84' lang='lat' dir='ltr'><strong>ef.</strong></span> <span class='ocrx_word' id='word_1_62' title='bbox 2526 1055 2635 1123; x_wconf 89' lang='lat' dir='ltr'><strong>VI.</strong></span> <span class='ocrx_word' id='word_1_63' title='bbox 2686 1056 2796 1124; x_wconf 81' lang='grc'><strong>71.</strong></span> 
     </span>
     <span class='ocr_line' id='line_1_8' title="bbox 409 1159 2801 1244; baseline -0.002 -13"><span class='ocrx_word' id='word_1_64' title='bbox 409 1164 548 1244; x_wconf 74' lang='grc' dir='ltr'><em>πρὶν</em></span> <span class='ocrx_word' id='word_1_65' title='bbox 595 1163 672 1229; x_wconf 73' lang='grc' dir='ltr'><strong>ἂν</strong></span> <span class='ocrx_word' id='word_1_66' title='bbox 720 1160 956 1235; x_wconf 74' lang='grc' dir='ltr'><em>ἱππέας</em></span> <span class='ocrx_word' id='word_1_67' title='bbox 1005 1185 1076 1226; x_wconf 81' lang='grc' dir='ltr'><strong>τε</strong></span> <span class='ocrx_word' id='word_1_68' title='bbox 1121 1159 1633 1240; x_wconf 74' lang='grc' dir='ltr'><em>μεταπέμψωσιν</em></span> <span class='ocrx_word' id='word_1_69' title='bbox 1694 1163 1764 1226; x_wconf 81' lang='grc' dir='ltr'><strong>ἐκ</strong></span> <span class='ocrx_word' id='word_1_70' title='bbox 1823 1168 1941 1229; x_wconf 83' lang='grc' dir='ltr'><strong>τῶν</strong></span> <span class='ocrx_word' id='word_1_71' title='bbox 2000 1162 2265 1237; x_wconf 86' lang='grc' dir='ltr'><em>Ἀθηνῶν</em></span> <span class='ocrx_word' id='word_1_72' title='bbox 2329 1200 2414 1213; x_wconf 92' lang='lat'><strong>——</strong></span> <span class='ocrx_word' id='word_1_73' title='bbox 2478 1162 2583 1228; x_wconf 74' lang='grc' dir='ltr'><strong>καὶ</strong></span> <span class='ocrx_word' id='word_1_74' title='bbox 2645 1165 2801 1244; x_wconf 73' lang='grc' dir='ltr'><em>χρή-</em></span> 
     </span>
     <span class='ocr_line' id='line_1_9' title="bbox 409 1265 2573 1350; baseline 0 -15"><span class='ocrx_word' id='word_1_75' title='bbox 409 1294 597 1349; x_wconf 82' lang='grc' dir='ltr'><em>ματα</em></span> <span class='ocrx_word' id='word_1_76' title='bbox 645 1308 728 1317; x_wconf 89' lang='grc'>-</span> <span class='ocrx_word' id='word_1_77' title='bbox 783 1269 1034 1334; x_wconf 78' lang='grc' dir='ltr'><em>αὐτόθεν</em></span> <span class='ocrx_word' id='word_1_78' title='bbox 1081 1292 1154 1332; x_wconf 84' lang='grc' dir='ltr'><strong>τε</strong></span> <span class='ocrx_word' id='word_1_79' title='bbox 1200 1265 1620 1349; x_wconf 76' lang='grc' dir='ltr'><em>ξυλλέξωνται</em></span> <span class='ocrx_word' id='word_1_80' title='bbox 1669 1269 1773 1332; x_wconf 77' lang='grc' dir='ltr'><strong>καὶ</strong></span> <span class='ocrx_word' id='word_1_81' title='bbox 1824 1272 1970 1350; x_wconf 76' lang='grc' dir='ltr'><em>παρ’</em></span> <span class='ocrx_word' id='word_1_82' title='bbox 2023 1267 2359 1344; x_wconf 77' lang='grc' dir='ltr'><em>Ἀθηναίων</em></span> <span class='ocrx_word' id='word_1_83' title='bbox 2412 1266 2573 1350; x_wconf 65' lang='grc' dir='ltr'><strong>ἔλθη.</strong></span> 
     </span>
     <span class='ocr_line' id='line_1_10' title="bbox 499 1372 2247 1471; baseline -0.001 -30"><span class='ocrx_word' id='word_1_84' title='bbox 499 1375 653 1442; x_wconf 86' lang='lat' dir='ltr'><strong>Alio</strong></span> <span class='ocrx_word' id='word_1_85' title='bbox 699 1396 886 1441; x_wconf 86' lang='lat' dir='ltr'><strong>sensu</strong></span> <span class='ocrx_word' id='word_1_86' title='bbox 931 1374 1168 1471; x_wconf 82' lang='lat' dir='ltr'><strong>dieitur</strong></span> <span class='ocrx_word' id='word_1_87' title='bbox 1214 1373 1241 1437; x_wconf 77' lang='grc' dir='ltr'><em>ὃ</em></span> <span class='ocrx_word' id='word_1_88' title='bbox 1291 1372 1418 1437; x_wconf 69' lang='grc' dir='ltr'><strong>ἀπὸ</strong></span> <span class='ocrx_word' id='word_1_89' title='bbox 1467 1380 1583 1439; x_wconf 82' lang='grc' dir='ltr'><strong>τῶν</strong></span> <span class='ocrx_word' id='word_1_90' title='bbox 1637 1372 1974 1450; x_wconf 72' lang='grc' dir='ltr'><em>Ἀθηναίων</em></span> <span class='ocrx_word' id='word_1_91' title='bbox 2022 1374 2247 1457; x_wconf 83' lang='grc' dir='ltr'><em>φόβος.</em></span> 
     </span>
    </p>
   </div>
   <div class='ocr_carea' id='block_1_3' title="bbox 409 1580 2807 2611">
    <p class='ocr_par' dir='ltr' id='par_1_3' title="bbox 409 1580 2806 2079">
     <span class='ocr_line' id='line_1_11' title="bbox 500 1580 2803 1675; baseline -0.002 -21"><span class='ocrx_word' id='word_1_92' title='bbox 500 1586 794 1675; x_wconf 80' lang='lat' dir='ltr'><strong>Thucyd.</strong></span> <span class='ocrx_word' id='word_1_93' title='bbox 841 1586 920 1651; x_wconf 82' lang='lat' dir='ltr'><strong>Il.</strong></span> <span class='ocrx_word' id='word_1_94' title='bbox 976 1584 1082 1652; x_wconf 86' lang='lat'><strong>93.</strong></span> <span class='ocrx_word' id='word_1_95' title='bbox 1136 1586 1197 1650; x_wconf 90' lang='grc'><strong>4.</strong></span> <span class='ocrx_word' id='word_1_96' title='bbox 1247 1587 1522 1668; x_wconf 80' lang='grc' dir='ltr'><em>Φρούριον</em></span> <span class='ocrx_word' id='word_1_97' title='bbox 1575 1585 1752 1671; x_wconf 73' lang='grc' dir='ltr'><em>(γὰρ)</em></span> <span class='ocrx_word' id='word_1_98' title='bbox 1803 1587 1903 1651; x_wconf 79' lang='grc' dir='ltr'><strong>ἐπ’</strong></span> <span class='ocrx_word' id='word_1_99' title='bbox 1954 1588 2143 1651; x_wconf 82' lang='grc' dir='ltr'><em>αὐτοῦ</em></span> <span class='ocrx_word' id='word_1_100' title='bbox 2195 1580 2261 1660; x_wconf 80' lang='grc' dir='ltr'><strong>ἦν</strong></span> <span class='ocrx_word' id='word_1_101' title='bbox 2306 1586 2409 1651; x_wconf 79' lang='grc' dir='ltr'><strong>καὶ</strong></span> <span class='ocrx_word' id='word_1_102' title='bbox 2452 1588 2591 1651; x_wconf 84' lang='grc' dir='ltr'><em>νεῶν</em></span> <span class='ocrx_word' id='word_1_103' title='bbox 2630 1592 2803 1667; x_wconf 79' lang='grc' dir='ltr'><em>τριῶν</em></span> 
     </span>
     <span class='ocr_line' id='line_1_12' title="bbox 409 1690 2801 1779; baseline -0.002 -19"><span class='ocrx_word' id='word_1_104' title='bbox 409 1696 693 1775; x_wconf 73' lang='grc' dir='ltr'><strong>Φυλακή.</strong></span> <span class='ocrx_word' id='word_1_105' title='bbox 787 1693 988 1759; x_wconf 87' lang='lat' dir='ltr'><strong>Recte</strong></span> <span class='ocrx_word' id='word_1_106' title='bbox 1049 1692 1437 1758; x_wconf 77' lang='lat' dir='ltr'><strong>Herwerden</strong></span> <span class='ocrx_word' id='word_1_107' title='bbox 1495 1690 1622 1771; x_wconf 72' lang='grc' dir='ltr'><em>γάρ</em></span> <span class='ocrx_word' id='word_1_108' title='bbox 1679 1694 1949 1757; x_wconf 87' lang='lat' dir='ltr'><strong>inseruit</strong></span> <span class='ocrx_word' id='word_1_109' title='bbox 2011 1697 2078 1759; x_wconf 91' lang='lat' dir='ltr'><strong>et</strong></span> <span class='ocrx_word' id='word_1_110' title='bbox 2121 1694 2483 1779; x_wconf 84' lang='lat' dir='ltr'><strong>suspicatur</strong></span> <span class='ocrx_word' id='word_1_111' title='bbox 2527 1694 2801 1774; x_wconf 74' lang='grc' dir='ltr'><em>Βούδορον</em></span> 
     </span>
     <span class='ocr_line' id='line_1_13' title="bbox 410 1792 2802 1886; baseline -0.002 -20"><span class='ocrx_word' id='word_1_112' title='bbox 410 1800 604 1879; x_wconf 76' lang='grc' dir='ltr'><em>ὄνομα</em></span> <span class='ocrx_word' id='word_1_113' title='bbox 649 1804 793 1886; x_wconf 88' lang='lat' dir='ltr'><strong>post</strong></span> <span class='ocrx_word' id='word_1_114' title='bbox 842 1792 908 1870; x_wconf 75' lang='grc' dir='ltr'><strong>ἦν</strong></span> <span class='ocrx_word' id='word_1_115' title='bbox 957 1798 1284 1863; x_wconf 82' lang='lat' dir='ltr'><strong>excidisse.</strong></span> <span class='ocrx_word' id='word_1_116' title='bbox 1378 1796 1678 1863; x_wconf 83' lang='lat' dir='ltr'>Arbitror</span> <span class='ocrx_word' id='word_1_117' title='bbox 1725 1797 1877 1864; x_wconf 89' lang='lat' dir='ltr'><strong>olim</strong></span> <span class='ocrx_word' id='word_1_118' title='bbox 1925 1801 2237 1885; x_wconf 85' lang='lat' dir='ltr'><strong>scriptum</strong></span> <span class='ocrx_word' id='word_1_119' title='bbox 2284 1798 2481 1864; x_wconf 87' lang='lat' dir='ltr'><strong>fuisse</strong></span> <span class='ocrx_word' id='word_1_120' title='bbox 2529 1799 2802 1880; x_wconf 83' lang='grc' dir='ltr'><em>φρούριον</em></span> 
     </span>
     <span class='ocr_line' id='line_1_14' title="bbox 417 1900 2806 1994; baseline -0.001 -21"><span class='ocrx_word' id='word_1_121' title='bbox 417 1906 570 1994; x_wconf 70' lang='grc' dir='ltr'><em>(γὰρ</em></span> <span class='ocrx_word' id='word_1_122' title='bbox 619 1905 812 1983; x_wconf 72' lang='grc' dir='ltr'><em>ὄνομα</em></span> <span class='ocrx_word' id='word_1_123' title='bbox 865 1903 1163 1990; x_wconf 78' lang='grc' dir='ltr'><em>Βούδορον)</em></span> <span class='ocrx_word' id='word_1_124' title='bbox 1213 1904 1314 1969; x_wconf 77' lang='grc' dir='ltr'><strong>ἐπ’</strong></span> <span class='ocrx_word' id='word_1_125' title='bbox 1360 1906 1552 1969; x_wconf 78' lang='grc' dir='ltr'><em>αὐτοῦ</em></span> <span class='ocrx_word' id='word_1_126' title='bbox 1601 1900 1693 1981; x_wconf 75' lang='grc' dir='ltr'><strong>ἦν,</strong></span> <span class='ocrx_word' id='word_1_127' title='bbox 1750 1910 1814 1970; x_wconf 85' lang='lat' dir='ltr'><strong>et</strong></span> <span class='ocrx_word' id='word_1_128' title='bbox 1861 1906 1985 1970; x_wconf 85' lang='lat' dir='ltr'><strong>tria</strong></span> <span class='ocrx_word' id='word_1_129' title='bbox 2028 1904 2222 1971; x_wconf 82' lang='lat' dir='ltr'><strong>verba</strong></span> <span class='ocrx_word' id='word_1_130' title='bbox 2267 1904 2512 1969; x_wconf 85' lang='lat' dir='ltr'><strong>librarii</strong></span> <span class='ocrx_word' id='word_1_131' title='bbox 2557 1904 2806 1971; x_wconf 87' lang='lat' dir='ltr'><strong>incuria</strong></span> 
     </span>
     <span class='ocr_line' id='line_1_15' title="bbox 413 2014 852 2079; baseline -0.007 0"><span class='ocrx_word' id='word_1_132' title='bbox 413 2014 652 2079; x_wconf 89' lang='lat' dir='ltr'><strong>omissa</strong></span> <span class='ocrx_word' id='word_1_133' title='bbox 697 2031 852 2078; x_wconf 89' lang='lat' dir='ltr'><strong>esse.</strong></span> 
     </span>
    </p>

    <p class='ocr_par' dir='ltr' id='par_1_4' title="bbox 421 2114 2805 2313">
     <span class='ocr_line' id='line_1_16' title="bbox 507 2114 2805 2203; baseline -0.002 -18"><span class='ocrx_word' id='word_1_134' title='bbox 507 2118 724 2187; x_wconf 82' lang='lat' dir='ltr'><strong>Simul</strong></span> <span class='ocrx_word' id='word_1_135' title='bbox 767 2115 1260 2203; x_wconf 81' lang='lat' dir='ltr'><strong>deprehenditur</strong></span> <span class='ocrx_word' id='word_1_136' title='bbox 1305 2114 1623 2182; x_wconf 77' lang='lat' dir='ltr'><strong>emblema</strong></span> <span class='ocrx_word' id='word_1_137' title='bbox 1667 2119 1738 2182; x_wconf 89' lang='lat' dir='ltr'><strong>in</strong></span> <span class='ocrx_word' id='word_1_138' title='bbox 1782 2136 1921 2203; x_wconf 82' lang='lat' dir='ltr'><strong>cap.</strong></span> <span class='ocrx_word' id='word_1_139' title='bbox 1972 2116 2083 2183; x_wconf 88' lang='grc'><strong>94.</strong></span> <span class='ocrx_word' id='word_1_140' title='bbox 2140 2115 2203 2182; x_wconf 88' lang='lat'><strong>3.</strong></span> <span class='ocrx_word' id='word_1_141' title='bbox 2252 2118 2319 2183; x_wconf 77' lang='grc' dir='ltr'><strong>ἐκ</strong></span> <span class='ocrx_word' id='word_1_142' title='bbox 2367 2122 2475 2183; x_wconf 79' lang='grc' dir='ltr'><strong>τοῦ</strong></span> <span class='ocrx_word' id='word_1_143' title='bbox 2522 2116 2805 2198; x_wconf 78' lang='grc' dir='ltr'><em>Βουδόρου</em></span> 
     </span>
     <span class='ocr_line' id='line_1_17' title="bbox 421 2223 936 2313; baseline -0.01 -22"><span class='ocrx_word' id='word_1_144' title='bbox 421 2226 557 2313; x_wconf 79' lang='grc' dir='ltr'><strong>[τοῦ</strong></span> <span class='ocrx_word' id='word_1_145' title='bbox 607 2223 936 2306; x_wconf 74' lang='grc' dir='ltr'><em>Φρουρίου].</em></span> 
     </span>
    </p>

    <p class='ocr_par' dir='ltr' id='par_1_5' title="bbox 419 2326 2807 2611">
     <span class='ocr_line' id='line_1_18' title="bbox 507 2326 2807 2409; baseline -0 -12"><span class='ocrx_word' id='word_1_146' title='bbox 507 2332 752 2398; x_wconf 85' lang='lat' dir='ltr'><strong>Notum</strong></span> <span class='ocrx_word' id='word_1_147' title='bbox 800 2334 938 2395; x_wconf 87' lang='lat' dir='ltr'><strong>erat</strong></span> <span class='ocrx_word' id='word_1_148' title='bbox 980 2327 1050 2393; x_wconf 80' lang='grc' dir='ltr'><strong>τὸ</strong></span> <span class='ocrx_word' id='word_1_149' title='bbox 1099 2326 1374 2409; x_wconf 76' lang='grc' dir='ltr'><em>Βούδορον</em></span> <span class='ocrx_word' id='word_1_150' title='bbox 1419 2330 1488 2394; x_wconf 92' lang='lat' dir='ltr'><strong>in</strong></span> <span class='ocrx_word' id='word_1_151' title='bbox 1531 2328 1745 2395; x_wconf 86' lang='lat' dir='ltr'><strong>insula</strong></span> <span class='ocrx_word' id='word_1_152' title='bbox 1791 2328 2136 2395; x_wconf 77' lang='lat' dir='ltr'><strong>Salamine.</strong></span> <span class='ocrx_word' id='word_1_153' title='bbox 2190 2328 2303 2396; x_wconf 90' lang='grc' dir='ltr'><strong>ΙΙΙ.</strong></span> <span class='ocrx_word' id='word_1_154' title='bbox 2357 2328 2461 2395; x_wconf 83' lang='grc'><strong>51.</strong></span> <span class='ocrx_word' id='word_1_155' title='bbox 2512 2329 2807 2409; x_wconf 76' lang='grc' dir='ltr'><em>ἐβούλετο</em></span> 
     </span>
     <span class='ocr_line' id='line_1_19' title="bbox 419 2434 2806 2517; baseline -0.002 -12"><span class='ocrx_word' id='word_1_156' title='bbox 419 2436 647 2510; x_wconf 74' lang='grc' dir='ltr'><em>Νικίας</em></span> <span class='ocrx_word' id='word_1_157' title='bbox 695 2437 806 2513; x_wconf 66' lang='grc' dir='ltr'><strong>τὴν</strong></span> <span class='ocrx_word' id='word_1_158' title='bbox 851 2434 1145 2517; x_wconf 74' lang='grc' dir='ltr'><em>φυλακην</em></span> <span class='ocrx_word' id='word_1_159' title='bbox 1196 2474 1278 2484; x_wconf 94' lang='grc'><strong>-</strong></span> <span class='ocrx_word' id='word_1_160' title='bbox 1328 2438 1417 2513; x_wconf 76' lang='grc' dir='ltr'><strong>μη</strong></span> <span class='ocrx_word' id='word_1_161' title='bbox 1467 2434 1593 2500; x_wconf 68' lang='grc' dir='ltr'><strong>ἀπὸ</strong></span> <span class='ocrx_word' id='word_1_162' title='bbox 1644 2438 1749 2500; x_wconf 85' lang='grc' dir='ltr'><strong>τοῦ</strong></span> <span class='ocrx_word' id='word_1_163' title='bbox 1791 2434 2073 2517; x_wconf 77' lang='grc' dir='ltr'><em>Βουδόρου</em></span> <span class='ocrx_word' id='word_1_164' title='bbox 2120 2436 2225 2501; x_wconf 78' lang='grc' dir='ltr'><strong>καὶ</strong></span> <span class='ocrx_word' id='word_1_165' title='bbox 2275 2444 2386 2511; x_wconf 74' lang='grc' dir='ltr'><strong>τῆς</strong></span> <span class='ocrx_word' id='word_1_166' title='bbox 2436 2443 2806 2515; x_wconf 78' lang='grc' dir='ltr'><em>Σαλαμῖνος</em></span> 
     </span>
     <span class='ocr_line' id='line_1_20' title="bbox 421 2540 592 2611; baseline -0.006 0"><span class='ocrx_word' id='word_1_167' title='bbox 421 2540 592 2611; x_wconf 74' lang='grc' dir='ltr'><strong>εἶναι.</strong></span> 
     </span>
    </p>
   </div>
   <div class='ocr_carea' id='block_1_4' title="bbox 418 2752 2811 3156">
    <p class='ocr_par' dir='ltr' id='par_1_6' title="bbox 418 2752 2811 3156">
     <span class='ocr_line' id='line_1_21' title="bbox 515 2752 2809 2842; baseline -0 -21"><span class='ocrx_word' id='word_1_168' title='bbox 515 2755 808 2842; x_wconf 81' lang='lat' dir='ltr'><strong>Thucyd.</strong></span> <span class='ocrx_word' id='word_1_169' title='bbox 871 2754 963 2820; x_wconf 90' lang='lat' dir='ltr'><strong>II.</strong></span> <span class='ocrx_word' id='word_1_170' title='bbox 1029 2752 1137 2819; x_wconf 88' lang='lat'><strong>94.</strong></span> <span class='ocrx_word' id='word_1_171' title='bbox 1205 2755 1618 2819; x_wconf 85' lang='lat' dir='ltr'><strong>manifestum</strong></span> <span class='ocrx_word' id='word_1_172' title='bbox 1683 2758 1783 2819; x_wconf 88' lang='lat' dir='ltr'><strong>est</strong></span> <span class='ocrx_word' id='word_1_173' title='bbox 1832 2755 2472 2840; x_wconf 76' lang='lat' dir='ltr'><strong>interpretamentum</strong></span> <span class='ocrx_word' id='word_1_174' title='bbox 2520 2756 2587 2820; x_wconf 90' lang='lat' dir='ltr'><strong>in</strong></span> <span class='ocrx_word' id='word_1_175' title='bbox 2631 2758 2809 2840; x_wconf 86' lang='lat' dir='ltr'><strong>parte</strong></span> 
     </span>
     <span class='ocr_line' id='line_1_22' title="bbox 418 2858 2811 2946; baseline -0.001 -18"><span class='ocrx_word' id='word_1_176' title='bbox 418 2863 767 2929; x_wconf 84' lang='lat' dir='ltr'><strong>librorum:</strong></span> <span class='ocrx_word' id='word_1_177' title='bbox 831 2858 1008 2943; x_wconf 80' lang='grc' dir='ltr'><em>ᾤοντο</em></span> <span class='ocrx_word' id='word_1_178' title='bbox 1059 2897 1142 2908; x_wconf 88' lang='grc'>-</span> <span class='ocrx_word' id='word_1_179' title='bbox 1189 2860 1297 2935; x_wconf 76' lang='grc' dir='ltr'><strong>την</strong></span> <span class='ocrx_word' id='word_1_180' title='bbox 1361 2866 1710 2937; x_wconf 74' lang='grc' dir='ltr'><em>Σαλαμῖνα</em></span> <span class='ocrx_word' id='word_1_181' title='bbox 1771 2859 2109 2925; x_wconf 74' lang='grc' dir='ltr'><em>ἑαλωκέναι</em></span> <span class='ocrx_word' id='word_1_182' title='bbox 2158 2879 2273 2946; x_wconf 85' lang='lat' dir='ltr'><strong>pro</strong></span> <span class='ocrx_word' id='word_1_183' title='bbox 2320 2860 2591 2940; x_wconf 68' lang='grc' dir='ltr'><em>ᾑρῆσθαι.</em></span> <span class='ocrx_word' id='word_1_184' title='bbox 2686 2860 2811 2926; x_wconf 92' lang='lat' dir='ltr'><strong>Illo</strong></span> 
     </span>
     <span class='ocr_line' id='line_1_23' title="bbox 419 2964 2807 3053; baseline -0.002 -19"><span class='ocrx_word' id='word_1_185' title='bbox 419 2969 611 3034; x_wconf 90' lang='lat' dir='ltr'><strong>modo</strong></span> <span class='ocrx_word' id='word_1_186' title='bbox 659 2985 875 3033; x_wconf 90' lang='lat' dir='ltr'><strong>omnes</strong></span> <span class='ocrx_word' id='word_1_187' title='bbox 917 2965 1368 3052; x_wconf 78' lang='lat' dir='ltr'><strong>loquebantur,</strong></span> <span class='ocrx_word' id='word_1_188' title='bbox 1419 2966 1668 3047; x_wconf 70' lang='grc' dir='ltr'><em>ᾑρῆσθαι</em></span> <span class='ocrx_word' id='word_1_189' title='bbox 1717 2964 2209 3053; x_wconf 76' lang='lat' dir='ltr'><strong>Thucydideum</strong></span> <span class='ocrx_word' id='word_1_190' title='bbox 2258 2971 2369 3032; x_wconf 82' lang='lat' dir='ltr'><strong>est.</strong></span> <span class='ocrx_word' id='word_1_191' title='bbox 2422 2964 2807 3032; x_wconf 80' lang='lat' dir='ltr'><strong>Scholiasta:</strong></span> 
     </span>
     <span class='ocr_line' id='line_1_24' title="bbox 422 3070 1113 3156; baseline -0.003 -16"><span class='ocrx_word' id='word_1_192' title='bbox 422 3075 705 3156; x_wconf 71' lang='grc' dir='ltr'><em>ᾗρῆσθαιε</em></span> <span class='ocrx_word' id='word_1_193' title='bbox 755 3070 1113 3138; x_wconf 73' lang='grc' dir='ltr'><em>ἑαλωκέναι.</em></span> 
     </span>
    </p>
   </div>
   <div class='ocr_carea' id='block_1_5' title="bbox 413 3281 2811 3692">
    <p class='ocr_par' dir='ltr' id='par_1_7' title="bbox 413 3281 2811 3692">
     <span class='ocr_line' id='line_1_25' title="bbox 508 3281 2811 3373; baseline -0.002 -20"><span class='ocrx_word' id='word_1_194' title='bbox 508 3285 802 3373; x_wconf 81' lang='lat' dir='ltr'><strong>Thucyd.</strong></span> <span class='ocrx_word' id='word_1_195' title='bbox 866 3283 956 3350; x_wconf 85' lang='grc' dir='ltr'><strong>ῙῙ.</strong></span> <span class='ocrx_word' id='word_1_196' title='bbox 1024 3282 1128 3348; x_wconf 84' lang='grc'><strong>94.</strong></span> <span class='ocrx_word' id='word_1_197' title='bbox 1197 3285 1248 3349; x_wconf 82' lang='lat'><strong>01</strong></span> <span class='ocrx_word' id='word_1_198' title='bbox 1314 3283 1426 3362; x_wconf 74' lang='grc' dir='ltr'><strong>μὲν</strong></span> <span class='ocrx_word' id='word_1_199' title='bbox 1488 3283 1547 3347; x_wconf 81' lang='grc' dir='ltr'><strong>ἒν</strong></span> <span class='ocrx_word' id='word_1_200' title='bbox 1591 3283 1677 3354; x_wconf 76' lang='grc' dir='ltr'><strong>τῶ</strong></span> <span class='ocrx_word' id='word_1_201' title='bbox 1728 3281 1867 3351; x_wconf 61' lang='lat' dir='ltr'><strong>dese</strong></span> <span class='ocrx_word' id='word_1_202' title='bbox 1918 3319 1999 3332; x_wconf 89' lang='lat'><em>-</em></span> <span class='ocrx_word' id='word_1_203' title='bbox 2052 3281 2229 3364; x_wconf 79' lang='grc' dir='ltr'><em>ᾤοντο</em></span> <span class='ocrx_word' id='word_1_204' title='bbox 2284 3321 2361 3332; x_wconf 89' lang='lat'><em>-</em></span> <span class='ocrx_word' id='word_1_205' title='bbox 2412 3285 2465 3348; x_wconf 71' lang='lat' dir='ltr'><strong>ol</strong></span> <span class='ocrx_word' id='word_1_206' title='bbox 2512 3284 2567 3349; x_wconf 77' lang='grc' dir='ltr'><strong>δ’</strong></span> <span class='ocrx_word' id='word_1_207' title='bbox 2618 3285 2679 3348; x_wconf 76' lang='grc' dir='ltr'><strong>ἐν</strong></span> <span class='ocrx_word' id='word_1_208' title='bbox 2725 3287 2811 3358; x_wconf 78' lang='grc' dir='ltr'><strong>τῶ</strong></span> 
     </span>
     <span class='ocr_line' id='line_1_26' title="bbox 417 3385 2811 3474; baseline -0.001 -14"><span class='ocrx_word' id='word_1_209' title='bbox 417 3400 695 3474; x_wconf 83' lang='grc' dir='ltr'><em>Πειραιεῖ</em></span> <span class='ocrx_word' id='word_1_210' title='bbox 737 3429 822 3441; x_wconf 92' lang='lat'><strong>--</strong></span> <span class='ocrx_word' id='word_1_211' title='bbox 872 3388 1155 3471; x_wconf 75' lang='grc' dir='ltr'><em>ἐνόμιζον.</em></span> <span class='ocrx_word' id='word_1_212' title='bbox 1223 3388 1646 3456; x_wconf 78' lang='lat' dir='ltr'><strong>Herwerden:</strong></span> <span class='ocrx_word' id='word_1_213' title='bbox 1718 3385 2027 3466; x_wconf 54' lang='lat' dir='ltr'><strong>„fvdmss&#39;ov</strong></span> <span class='ocrx_word' id='word_1_214' title='bbox 2090 3389 2238 3452; x_wconf 73' lang='lat' dir='ltr'><strong>mihi</strong></span> <span class='ocrx_word' id='word_1_215' title='bbox 2298 3397 2623 3473; x_wconf 69' lang='lat' dir='ltr'><strong>suspectum</strong></span> <span class='ocrx_word' id='word_1_216' title='bbox 2670 3392 2811 3459; x_wconf 60' lang='lat' dir='ltr'><strong>‘secl&#39;</strong></span> 
     </span>
     <span class='ocr_line' id='line_1_27' title="bbox 413 3493 2810 3582; baseline -0.001 -16"><span class='ocrx_word' id='word_1_217' title='bbox 413 3499 629 3566; x_wconf 87' lang='lat' dir='ltr'><strong>Facile</strong></span> <span class='ocrx_word' id='word_1_218' title='bbox 698 3497 916 3576; x_wconf 88' lang='lat' dir='ltr'><strong>credo,</strong></span> <span class='ocrx_word' id='word_1_219' title='bbox 988 3516 1264 3582; x_wconf 87' lang='lat' dir='ltr'><strong>namque</strong></span> <span class='ocrx_word' id='word_1_220' title='bbox 1332 3495 1399 3560; x_wconf 91' lang='lat' dir='ltr'><strong>in</strong></span> <span class='ocrx_word' id='word_1_221' title='bbox 1470 3496 1588 3560; x_wconf 87' lang='lat' dir='ltr'><strong>hae</strong></span> <span class='ocrx_word' id='word_1_222' title='bbox 1657 3493 2008 3560; x_wconf 87' lang='lat' dir='ltr'><strong>sententiae</strong></span> <span class='ocrx_word' id='word_1_223' title='bbox 2073 3496 2572 3562; x_wconf 88' lang='lat' dir='ltr'><strong>conformatione</strong></span> <span class='ocrx_word' id='word_1_224' title='bbox 2633 3496 2810 3580; x_wconf 81' lang='grc' dir='ltr'><em>ᾤοντο</em></span> 
     </span>
     <span class='ocr_line' id='line_1_28' title="bbox 415 3599 1838 3692; baseline -0.004 -22"><span class='ocrx_word' id='word_1_225' title='bbox 415 3606 763 3672; x_wconf 85' lang='lat' dir='ltr'><strong>necessario</strong></span> <span class='ocrx_word' id='word_1_226' title='bbox 811 3605 1198 3692; x_wconf 81' lang='lat' dir='ltr'><strong>cogitatione</strong></span> <span class='ocrx_word' id='word_1_227' title='bbox 1243 3599 1670 3688; x_wconf 87' lang='lat' dir='ltr'><strong>supplendum</strong></span> <span class='ocrx_word' id='word_1_228' title='bbox 1721 3606 1838 3666; x_wconf 90' lang='lat' dir='ltr'><strong>est.</strong></span> 
     </span>
    </p>
   </div>
   <div class='ocr_carea' id='block_1_6' title="bbox 405 3811 2808 4108">
    <p class='ocr_par' dir='ltr' id='par_1_8' title="bbox 405 3811 2808 4108">
     <span class='ocr_line' id='line_1_29' title="bbox 503 3811 2805 3904; baseline 0 -22"><span class='ocrx_word' id='word_1_229' title='bbox 503 3816 794 3904; x_wconf 82' lang='lat' dir='ltr'><strong>Thucyd.</strong></span> <span class='ocrx_word' id='word_1_230' title='bbox 843 3815 922 3881; x_wconf 90' lang='lat' dir='ltr'><strong>II.</strong></span> <span class='ocrx_word' id='word_1_231' title='bbox 977 3813 1086 3880; x_wconf 88' lang='lat'><strong>94.</strong></span> <span class='ocrx_word' id='word_1_232' title='bbox 1137 3811 1200 3878; x_wconf 83' lang='lat'><strong>3.</strong></span> <span class='ocrx_word' id='word_1_233' title='bbox 1261 3815 1362 3878; x_wconf 74' lang='grc' dir='ltr'><strong>ἐπὶ</strong></span> <span class='ocrx_word' id='word_1_234' title='bbox 1411 3821 1520 3889; x_wconf 76' lang='grc' dir='ltr'><strong>τῆς</strong></span> <span class='ocrx_word' id='word_1_235' title='bbox 1569 3814 1841 3893; x_wconf 82' lang='grc' dir='ltr'><em>Κορίνθου</em></span> <span class='ocrx_word' id='word_1_236' title='bbox 1890 3814 2306 3893; x_wconf 68' lang='grc' dir='ltr'><em>ἀπεχώρησαν</em></span> <span class='ocrx_word' id='word_1_237' title='bbox 2356 3816 2551 3897; x_wconf 77' lang='grc' dir='ltr'><strong>πεζοί.</strong></span> <span class='ocrx_word' id='word_1_238' title='bbox 2642 3815 2805 3883; x_wconf 80' lang='lat' dir='ltr'><strong>Gon-</strong></span> 
     </span>
     <span class='ocr_line' id='line_1_30' title="bbox 405 3919 2808 4008; baseline -0.001 -18"><span class='ocrx_word' id='word_1_239' title='bbox 405 3929 645 3990; x_wconf 88' lang='lat' dir='ltr'><strong>stanter</strong></span> <span class='ocrx_word' id='word_1_240' title='bbox 688 3943 761 3989; x_wconf 93' lang='lat' dir='ltr'><strong>eo</strong></span> <span class='ocrx_word' id='word_1_241' title='bbox 803 3941 990 3988; x_wconf 87' lang='lat' dir='ltr'><strong>sensu</strong></span> <span class='ocrx_word' id='word_1_242' title='bbox 1028 3919 1437 4008; x_wconf 80' lang='lat' dir='ltr'><strong>Thucydides</strong></span> <span class='ocrx_word' id='word_1_243' title='bbox 1475 3919 1699 3985; x_wconf 89' lang='lat' dir='ltr'><strong>scribit</strong></span> <span class='ocrx_word' id='word_1_244' title='bbox 1738 3919 1932 4000; x_wconf 74' lang='grc' dir='ltr'><strong><em>πεζῇ,</em></strong></span> <span class='ocrx_word' id='word_1_245' title='bbox 1975 3920 2143 4005; x_wconf 87' lang='lat' dir='ltr'><strong>quod</strong></span> <span class='ocrx_word' id='word_1_246' title='bbox 2186 3925 2283 3986; x_wconf 92' lang='lat' dir='ltr'><strong>est</strong></span> <span class='ocrx_word' id='word_1_247' title='bbox 2332 3923 2399 3985; x_wconf 94' lang='lat' dir='ltr'><strong>in</strong></span> <span class='ocrx_word' id='word_1_248' title='bbox 2424 3921 2606 3987; x_wconf 90' lang='lat' dir='ltr'><strong>libris</strong></span> <span class='ocrx_word' id='word_1_249' title='bbox 2636 3923 2808 3989; x_wconf 85' lang='lat' dir='ltr'><strong>dete-</strong></span> 
     </span>
     <span class='ocr_line' id='line_1_31' title="bbox 408 4025 2327 4108; baseline -0.004 -11"><span class='ocrx_word' id='word_1_250' title='bbox 408 4030 684 4097; x_wconf 85' lang='lat' dir='ltr'><strong>rioribus</strong></span> <span class='ocrx_word' id='word_1_251' title='bbox 708 4079 724 4108; x_wconf 90' lang='lat'>,</span> <span class='ocrx_word' id='word_1_252' title='bbox 775 4027 853 4094; x_wconf 91' lang='lat' dir='ltr'><strong>de</strong></span> <span class='ocrx_word' id='word_1_253' title='bbox 901 4027 1262 4092; x_wconf 85' lang='lat' dir='ltr'><strong>coniectura</strong></span> <span class='ocrx_word' id='word_1_254' title='bbox 1307 4027 1571 4092; x_wconf 70' lang='lat' dir='ltr'><strong>tortasse</strong></span> <span class='ocrx_word' id='word_1_255' title='bbox 1591 4073 1606 4102; x_wconf 85' lang='lat'>‚</span> <span class='ocrx_word' id='word_1_256' title='bbox 1657 4025 1769 4092; x_wconf 88' lang='lat' dir='ltr'><strong>sed</strong></span> <span class='ocrx_word' id='word_1_257' title='bbox 1816 4025 1981 4091; x_wconf 86' lang='lat' dir='ltr'><strong>bona</strong></span> <span class='ocrx_word' id='word_1_258' title='bbox 2027 4029 2093 4090; x_wconf 91' lang='lat' dir='ltr'><strong>et</strong></span> <span class='ocrx_word' id='word_1_259' title='bbox 2136 4031 2327 4092; x_wconf 86' lang='lat' dir='ltr'><strong>certa.</strong></span> 
     </span>
    </p>
   </div>
   <div class='ocr_carea' id='block_1_7' title="bbox 407 4234 2805 4535">
    <p class='ocr_par' dir='ltr' id='par_1_9' title="bbox 407 4234 2805 4535">
     <span class='ocr_line' id='line_1_32' title="bbox 501 4234 2805 4328; baseline -0.002 -22"><span class='ocrx_word' id='word_1_260' title='bbox 501 4239 793 4328; x_wconf 80' lang='lat' dir='ltr'><strong>Thucyd.</strong></span> <span class='ocrx_word' id='word_1_261' title='bbox 842 4238 926 4304; x_wconf 90' lang='lat' dir='ltr'><strong>II.</strong></span> <span class='ocrx_word' id='word_1_262' title='bbox 976 4235 1082 4306; x_wconf 82' lang='grc'><strong>97.</strong></span> <span class='ocrx_word' id='word_1_263' title='bbox 1131 4237 1242 4318; x_wconf 73' lang='grc' dir='ltr'><strong>ὁδῶ</strong></span> <span class='ocrx_word' id='word_1_264' title='bbox 1290 4237 1350 4302; x_wconf 76' lang='grc' dir='ltr'><strong>δὲ</strong></span> <span class='ocrx_word' id='word_1_265' title='bbox 1398 4237 1486 4302; x_wconf 76' lang='grc' dir='ltr'><strong>τὰ</strong></span> <span class='ocrx_word' id='word_1_266' title='bbox 1533 4237 1983 4316; x_wconf 76' lang='grc' dir='ltr'><em>ξυντομῶτατα</em></span> <span class='ocrx_word' id='word_1_267' title='bbox 2034 4234 2103 4313; x_wconf 70' lang='grc' dir='ltr'><strong>ἐξ</strong></span> <span class='ocrx_word' id='word_1_268' title='bbox 2147 4235 2465 4318; x_wconf 72' lang='grc' dir='ltr'><em>’Λβδῆρων</em></span> <span class='ocrx_word' id='word_1_269' title='bbox 2515 4237 2575 4311; x_wconf 72' lang='grc' dir='ltr'><strong>ἐς</strong></span> <span class='ocrx_word' id='word_1_270' title='bbox 2608 4241 2805 4318; x_wconf 64' lang='lat' dir='ltr'><strong>”lepor</strong></span> 
     </span>
     <span class='ocr_line' id='line_1_33' title="bbox 411 4343 2803 4428; baseline -0.001 -16"><span class='ocrx_word' id='word_1_271' title='bbox 411 4349 557 4428; x_wconf 67' lang='grc' dir='ltr'><em>ἀνὴρ</em></span> <span class='ocrx_word' id='word_1_272' title='bbox 622 4345 867 4428; x_wconf 77' lang='grc' dir='ltr'><em>εὔζωνος</em></span> <span class='ocrx_word' id='word_1_273' title='bbox 935 4345 1325 4414; x_wconf 78' lang='grc' dir='ltr'><em>ἑνδεκαταῒος</em></span> <span class='ocrx_word' id='word_1_274' title='bbox 1386 4351 1580 4410; x_wconf 80' lang='grc' dir='ltr'><strong>τελεῖ.</strong></span> <span class='ocrx_word' id='word_1_275' title='bbox 1680 4343 1999 4408; x_wconf 83' lang='lat' dir='ltr'><strong>Futurum</strong></span> <span class='ocrx_word' id='word_1_276' title='bbox 2072 4348 2171 4410; x_wconf 88' lang='lat' dir='ltr'><strong>est</strong></span> <span class='ocrx_word' id='word_1_277' title='bbox 2238 4350 2444 4428; x_wconf 75' lang='grc' dir='ltr'><strong><em>τελεῖ,</em></strong></span> <span class='ocrx_word' id='word_1_278' title='bbox 2521 4343 2687 4428; x_wconf 89' lang='lat' dir='ltr'><strong>quod</strong></span> <span class='ocrx_word' id='word_1_279' title='bbox 2748 4347 2803 4410; x_wconf 87' lang='lat' dir='ltr'><strong>si</strong></span> 
     </span>
     <span class='ocr_line' id='line_1_34' title="bbox 407 4448 2385 4535; baseline -0.003 -15"><span class='ocrx_word' id='word_1_280' title='bbox 407 4455 749 4520; x_wconf 84' lang='lat' dir='ltr'><strong>sensissent</strong></span> <span class='ocrx_word' id='word_1_281' title='bbox 793 4449 1132 4535; x_wconf 82' lang='lat' dir='ltr'><strong>Graeculi,</strong></span> <span class='ocrx_word' id='word_1_282' title='bbox 1180 4455 1256 4515; x_wconf 91' lang='lat' dir='ltr'><strong>ut</strong></span> <span class='ocrx_word' id='word_1_283' title='bbox 1301 4449 1508 4518; x_wconf 86' lang='lat' dir='ltr'><strong>solent</strong></span> <span class='ocrx_word' id='word_1_284' title='bbox 1527 4499 1543 4528; x_wconf 88' lang='lat'>‚</span> <span class='ocrx_word' id='word_1_285' title='bbox 1593 4448 1837 4516; x_wconf 75' lang='grc' dir='ltr'><em>τελέσει</em></span> <span class='ocrx_word' id='word_1_286' title='bbox 1886 4448 2385 4518; x_wconf 82' lang='lat' dir='ltr'><strong>substituissent.</strong></span> 
     </span>
    </p>
   </div>
  </div>
 </body>
</html>
