3369 5142
1402 342 1790 405 comoontm.
2652 330 2786 403 2⁵7

408 518 753 591 molestum
812 526 979 595 illud
1036 526 1175 593 οὔτε
1194 576 1212 605 ,
1278 530 1533 595 etiamsi
1592 530 1868 615 speciem
1925 528 2158 595 habeat
2200 526 2370 613 quod
2416 532 2782 593 ΛΗΔΟΝΛ

406 631 477 695 in
523 640 975 700 ΧΕΛΙΔΟΝΑ
1026 636 1325 703 mutavit.
1380 634 1542 702 Mihi
1585 637 1780 701 unius
1817 633 2187 702 animalculi
2226 653 2457 700 nomen
2480 633 2786 700 excidisse

409 734 666 803 videtur
710 741 1133 827 scribamque:

1499 852 1603 915 σοῦ
1651 849 1706 914 δ’
1754 850 1876 927 ἐγὼ
1925 847 2258 929 λαλιςὲραν

864 957 928 1021 οὐ
978 956 1215 1021 πώποτ’
1263 950 1427 1023 εἶδον
1473 954 1607 1021 οὐδὲ
1656 953 2004 1043 κερκώπην,
2048 956 2273 1035 γύναι,

861 1063 929 1129 οὗ
974 1062 1227 1142 κίτταν,
1276 1065 1343 1128 οὔ
1385 1061 1767 1145 χελιδόν’,
1815 1064 1899 1129 οὐ
1944 1062 2403 1143 τιτιγόνιον

862 1172 931 1236 οὐ
977 1168 1239 1251 τρυγόν’,
1286 1170 1353 1236 οὐ
1399 1168 1690 1249 τέττιγα.

413 1270 761 1351 Τιτιγόνιον
826 1278 997 1341 recte
1062 1297 1213 1342 cum
1275 1275 1491 1342 cicada
1553 1278 1958 1362 componitur
2017 1280 2083 1343 et
2143 1276 2222 1343 de
2267 1275 2473 1342 forma
2515 1278 2793 1343 nominis

415 1378 600 1446 docta
661 1385 757 1446 est
816 1379 1130 1447 Dindorfii
1196 1382 1545 1469 disputatio
1605 1386 1675 1449 in
1721 1380 2031 1470 Stephani
2078 1380 2264 1449 Thes.
2314 1381 2434 1450 VII
2478 1404 2540 1469 p.
2590 1382 2793 1450 2091.

416 1484 655 1551 Scribit
713 1486 1083 1555 Athenaeus
1144 1487 1233 1553 IV
1289 1511 1353 1576 p.
1424 1487 1549 1554 133
1596 1489 1688 1555 B:
1750 1488 1841 1557 ἔτι
1891 1489 1946 1554 δ’
1998 1492 2031 1565 ἧ
2080 1490 2353 1571 κερκώπη
2404 1490 2546 1570 ζῷον
2596 1486 2794 1568 ὅμοιον

417 1590 661 1673 τέττιγι
708 1595 811 1659 καὶ
860 1596 1169 1678 τιτιγονίῳ
1189 1646 1205 1675 ,
1257 1596 1485 1663 deinde
1527 1598 1744 1684 pergit
1782 1601 1846 1661 et
1878 1596 2098 1663 laudat
2134 1599 2328 1663 etiam
2369 1596 2540 1662 hunc
2577 1598 2794 1682 ipsum

418 1698 703 1767 Alexidis
748 1701 961 1768 locum
984 1751 1001 1782 ,
1052 1723 1242 1789 quem
1290 1702 1625 1768 emendare
1672 1704 1883 1769 conati
1927 1723 2173 1769 sumus.
2265 1700 2367 1769 Of.
2415 1700 2796 1767 Eustathius

419 1828 481 1893 p.
532 1806 679 1874 396.
737 1808 813 1873 l:
860 1810 963 1873 τὸν
1008 1810 1123 1887 μὲν
1168 1808 1426 1888 μόγις-ον
1473 1810 1742 1887 τέττιγα
1793 1808 2039 1889 ἀχέταν
2089 1813 2380 1874 καλοῦσιν
2421 1808 2473 1874 οἱ
2514 1808 2795 1892 παλαιοὶ,

422 1914 593 1980 κατὰ
646 1916 1047 2001 Παυσανίαν,
1096 1917 1403 1997 κερκώπην
1449 1917 1514 1983 δὲ
1560 1916 1630 1981 τὸ
1677 1914 1978 1997 ἐλαχιςον
2024 1915 2374 2003 τεττίγιον,
2424 1915 2494 1980 τὸ
2539 1914 2591 1979 δ’
2643 1913 2796 1979 αὐτὸ

423 2020 527 2086 καὶ
589 2032 983 2102 καλαμαῒον,
1032 2023 1103 2089 τὸ
1151 2024 1213 2089 δὲ
1259 2023 1431 2102 μετὰ
1478 2026 1657 2089 τοῦτο
1705 2021 2062 2101 τιτιγόνιον,
2113 2020 2255 2096 ἴσως
2303 2022 2476 2101 παρὰ
2521 2020 2594 2085 τὸ
2641 2020 2798 2085 τιτί-

423 2126 563 2208 ζειν.
610 2126 909 2196 Ceterum
958 2133 1318 2216 suspicatur
1360 2128 1724 2197 Meinekius
1768 2129 1997 2196 itidem
2045 2128 2214 2217 apud
2259 2127 2608 2195 Libanium
2654 2124 2796 2193 Vol.

420 2234 527 2303 lv.
572 2258 638 2323 p.
693 2236 820 2303 143
862 2236 1177 2319 χελιδόνος
1220 2239 1289 2303 in
1333 2236 1579 2312 ἀηδόνος
1630 2236 2050 2324 depravatum
2104 2257 2260 2303 esse.

510 2448 831 2536 Lepidum
901 2455 997 2517 est
1063 2450 1502 2538 fragmentum
1573 2468 1679 2536 ap.
1743 2448 1900 2517 Ath.
1959 2446 2122 2515 XIII
2179 2469 2240 2537 p.
2293 2448 2425 2517 568
2471 2450 2554 2529 A,
2618 2452 2802 2517 cuius

422 2557 688 2624 initium
734 2559 826 2624 sic
874 2557 1085 2625 audit:

606 2671 819 2745 πρῶτα
865 2666 979 2744 μὲν
1026 2665 1154 2746 γὰρ
1198 2664 1345 2746 πρὸς
1392 2663 1463 2730 τὸ
1510 2663 1710 2743 κέρδος
1757 2663 1862 2729 καὶ
1910 2663 1980 2728 τὸ
2029 2667 2227 2730 συλᾶν
2272 2663 2412 2740 τοὺς
2460 2665 2662 2739 πέλας

603 2771 817 2840 πάντα
864 2771 1055 2838 τᾶλλ’
1102 2774 1324 2844 αὐταῖς
1372 2773 1660 2852 πάρεργα
1707 2771 2039 2850 γίγνεται·
2087 2769 2386 2852 ῥάπτουσι
2430 2772 2493 2837 δὲ

606 2881 797 2945 πᾶσιν
840 2878 1220 2958 ἐπιβουλάς·
1270 2879 1518 2945 ἐπειδὰν
1560 2877 1611 2943 δ’
1656 2878 2063 2958 εὐπορήσωσίν
2108 2900 2260 2943 ποτε

606 2985 1017 3065 ἀνέλαβον
1064 2985 1280 3058 καινὰς
1331 2983 1619 3065 ἑταίρας,
1668 2987 2106 3065 πρωτοπείρους
2149 2993 2262 3061 τῆς
2309 2983 2578 3072 τέχνης,

606 3089 793 3165 εὐθὺς
843 3093 1316 3159 α’ναπλοὶττουσι
1363 3093 1643 3170 ταύτας,
1693 3088 1808 3162 ὅτε
1855 3092 2020 3170 μήτε
2067 3091 2206 3166 τοὺς
2255 3091 2509 3174 τρόπους

605 3202 767 3277 μήτε
815 3199 934 3273 τὰς
981 3198 1150 3280 όψεις
1199 3201 1415 3278 ὁμοίας
1464 3198 1772 3264 διατελεῖν
1819 3197 2006 3272 οὔσας
2057 3196 2171 3265 ἔτι.

428 3305 718 3374 Proclive
763 3311 859 3373 est
905 3309 1237 3374 restituere
1281 3303 1324 3373 ἃ
1344 3331 1375 3380 ς
1426 3303 1455 3370 ἔ
1470 3321 1566 3371 λα
1583 3306 1635 3386 β
1654 3329 1682 3372 o
1701 3330 1731 3370 ν
1775 3311 1839 3372 et
1888 3305 2165 3372 dicerem
2210 3306 2330 3371 hoc
2375 3306 2512 3372 sine
2559 3311 2806 3373 contro-

425 3416 631 3480 versia
676 3433 900 3482 verum
948 3433 1081 3480 esse
1100 3463 1118 3499 ,
1164 3415 1292 3478 nisi
1338 3418 1616 3480 metrum
1662 3411 2035 3498 scrupulum
2073 3413 2393 3498 injiceret,
2435 3433 2551 3478 nec
2591 3419 2809 3481 tamen

426 3519 648 3597 video,
711 3521 934 3607 quidni
1002 3519 1298 3609 analogia
1359 3520 1591 3586 ductus
1651 3520 1939 3587 comicus
1999 3527 2186 3606 poeta
2231 3522 2439 3606 primo
2484 3521 2645 3607 pede
2690 3541 2805 3608 pro

429 3625 718 3693 trochaeo
764 3626 1097 3714 dactylum
1142 3626 1481 3714 aliquando
1525 3647 1756 3714 ponere
1803 3629 2082 3712 potuerit
2097 3674 2116 3705 ‚
2170 3628 2424 3693 etiamsi
2463 3631 2806 3714 septenarii

428 3735 819 3820 ceteroquin,
884 3734 938 3798 si
997 3736 1258 3802 nomina
1313 3737 1568 3821 propria
1610 3735 1916 3821 excipias,
1971 3753 2222 3820 semper
2264 3734 2451 3801 initio
2496 3739 2804 3802 creticum

427 3839 701 3906 habeant
760 3838 867 3906 vel
917 3859 1221 3926 paeonem
1279 3840 1566 3926 primum
1626 3843 1764 3908 sive
1826 3847 2148 3927 quartum.
2242 3839 2366 3908 Sed
2424 3847 2502 3907 ut
2555 3841 2675 3909 hoc
2721 3845 2808 3909 sit

425 3948 495 4011 in
554 3948 793 4014 incerto
854 3949 1135 4032 positum
1155 3993 1172 4026 ,
1234 3948 1389 4013 satis
1450 3952 1698 4014 certum
1757 3968 1892 4014 esse
1948 3947 2206 4014 videtur
2262 3950 2332 4013 in
2379 3948 2460 4014 iis
2506 3969 2667 4034 quae
2713 3969 2808 4016 se-

427 4058 711 4138 quuntur
752 4073 845 4120 vs.
898 4051 1026 4117 22:

699 4157 774 4225 ἂν
821 4158 882 4225 δὲ
930 4161 1019 4238 μη
1063 4163 1257 4242 χαίρη
1302 4163 1593 4247 γελῶσα,
1638 4162 1920 4227 διατελεῖ
1956 4163 2066 4236 την
2114 4159 2343 4240 ἡμέραν

700 4263 894 4352 ἔνδον,
940 4263 1139 4348 ὥσπερ
1188 4275 1313 4342 τοῖς
1359 4269 1678 4348 μαγείροις
1728 4259 1773 4333 ἃ
1819 4264 2153 4348 παράκειθ’
2200 4267 2494 4344 incuicare,

702 4373 852 4447 ἡνίκ’
898 4371 976 4438 ἂν
1024 4378 1304 4439 πωλῶσιν
1352 4375 1546 4451 αἲγῶν
1594 4373 1848 4455 κρανία,
1897 4371 2197 4455 ξυλήφιον

697 4479 977 4560 μυρρίνης
1023 4477 1260 4562 ἔχουσα
1306 4479 1539 4547 λεπτὸν
1586 4477 1762 4562 δρθόν
1809 4481 1870 4545 ἕν
1914 4487 2040 4554 τοῖς
2084 4479 2394 4561 χείλεσιν,
