3369 5142
578 214 709 283 304
1543 230 1974 285 mnucrnmm.

575 408 799 473 eadem
854 410 1163 473 sententia
1224 407 1469 493 duplici
1529 407 1720 473 modo
1747 445 1757 457 ι
1781 408 2230 493 interpretatus
2289 405 2626 491 participia
2672 401 2944 475 εἰπόντες

576 496 661 580 et¹
702 514 1073 587 ἀκούσαντες
1094 563 1112 592 ,
1170 536 1328 599 quae
1375 514 1711 580 manifesto
1761 514 2028 598 scriptor
2075 514 2297 579 eadem
2344 513 2586 577 ratione
2631 516 2946 596 posuerat.

576 619 837 686 Scilicet
880 624 983 688 vir
1029 623 1249 688 doctus
1298 624 1388 687 sic
1432 620 1646 687 locum
1697 620 2030 708 intelligit:
2087 628 2144 685 ει
2184 622 2250 684 hi
2296 620 2524 705 quidem
2543 666 2560 697 ,
2609 642 2782 699 quum
2829 619 2941 681 illa

576 728 861 791 dia-issent
876 776 893 805 ‚
966 728 1239 792 abierunt
1258 776 1275 806 ,
1348 735 1404 792 et
1469 729 1575 814 qui
1644 728 2001 792 audiverant
2067 726 2520 791 Atheniensium
2568 724 2947 809 praetoribus

572 856 692 897 rem
758 840 1153 914 nuntiarunt,
1224 836 1291 899 aa·
1348 857 1483 899 vero
1546 841 1692 900 cett.
1756 833 1930 914 Quae
1989 834 2424 919 interpretatio
2487 853 2686 918 quum
2733 838 2947 917 aperte

574 938 729 1004 falsa
764 943 883 1019 sit,
922 941 1272 1007 videndum
1316 962 1394 1006 an
1445 941 1742 1028 Krueger
1777 962 1913 1006 rem
1951 962 2065 1006 acu
2091 942 2376 1028 tetigerit
2401 944 2651 1005 mutato
2687 943 2946 1004 accentu

572 1047 849 1111 scribens
895 1047 1002 1111 καὶ
1049 1040 1121 1112 οἳ.
1216 1050 1303 1113 At
1346 1048 1502 1113 locis
1546 1046 1634 1112 lV
1684 1046 1791 1132 33,
1842 1046 1884 1111 2
1933 1055 1996 1113 et
2045 1046 2152 1130 68,
2201 1046 2264 1131 6,
2311 1046 2391 1111 ad
2439 1066 2594 1131 quos
2637 1066 2942 1131 provoca-

574 1157 681 1217 tur
698 1203 715 1237 ,
762 1151 877 1218 illa
923 1154 1199 1220 formula
1216 1204 1231 1229 ,
1277 1159 1353 1219 ut
1390 1157 1710 1237 expectari
1748 1160 2012 1238 poterat,
2054 1174 2178 1219 non
2219 1154 2557 1237 opponitur
2579 1172 2944 1239 praegresso

576 1259 626 1322 οἱ
665 1257 799 1335 μέν,
848 1262 943 1325 ita
986 1268 1095 1345 ut,
1142 1262 1197 1325 si
1242 1282 1391 1326 vera
1438 1266 1601 1325 esset
1648 1259 1965 1346 Kruegeri
2011 1262 2348 1337 correctiO,
2401 1260 2508 1326 vel
2555 1262 2646 1325 sic
2689 1258 2946 1347 virgula

573 1364 1154 1452 interpungendum
1202 1367 1363 1432 foret
1405 1373 1548 1452 post
1595 1364 1962 1441 ’Λθηναίων.

666 1470 783 1536 Est
826 1478 1039 1538 tamen
1086 1476 1397 1559 oppositio
1442 1476 1611 1538 inter
1656 1493 1760 1539 eos
1806 1476 1917 1558 qui
1963 1472 2251 1557 dixerant
2297 1478 2362 1537 et
2407 1476 2520 1558 qui
2561 1472 2731 1538 dicta
2769 1473 2946 1539 audi·

575 1583 799 1643 verant
842 1584 1018 1645 tanto
1063 1579 1447 1666 probabilior
1492 1600 1684 1665 quam
1732 1582 1898 1644 inter
1941 1578 2089 1645 illos
2135 1584 2200 1643 et
2245 1578 2730 1645 Atheniensium
2775 1598 2949 1664 prae-
2985 1634 2994 1643 .

574 1686 771 1768 tores,
838 1669 914 1748 ut
978 1706 1104 1749 non
1172 1688 1409 1771 possim
1477 1706 1601 1751 non
1668 1685 1974 1770 suspicari
2035 1705 2300 1749 manum
2364 1686 2686 1770 scriptoris
2750 1684 2945 1749 fuisse

575 1788 733 1855 olim
794 1791 1030 1856 hance:
1096 1791 1201 1855 καὶ
1267 1793 1317 1857 οἱ
1381 1793 1493 1869 μὲν
1553 1792 1824 1862 εἰπόντες
1872 1793 2181 1876 ἀπῆλθον,
2232 1791 2394 1877 [καὶ]
2443 1793 2494 1855 οἱ
2545 1790 2678 1877 (Δ’)
2723 1791 2946 1856 Ἀκού-

576 1920 794 1969 σαντες
861 1898 1229 1976 διηγγειλαν
1287 1907 1413 1971 τοῖς
1476 1908 1809 1977 ςρατηγοῖς
1858 1904 1976 1962 τῶν
2022 1896 2389 1973 Ἀθηναίων.
2443 1900 2522 1963 Οἱ
2573 1898 2634 1961 δὲ
2685 1897 2830 1977 πρὸς
2876 1896 2945 1962 τὸ

576 2002 894 2082 ἄγγελμα
940 2004 1204 2087 ἐπέσχον
1255 2007 1362 2079 τὴν
1411 2010 1603 2071 νύκτα
1652 2006 1779 2071 κτὲ.
1850 2004 2273 2089 Posteaquam
2321 2004 2591 2090 proclivi
2638 2025 2842 2070 errore
2886 2001 2943 2067 δ’

576 2112 931 2188 exciderat,
1004 2112 1299 2196 copulam
1346 2111 1661 2178 addidisse
1706 2112 1962 2177 videtur
2005 2114 2370 2177 correctoris
2413 2114 2765 2197 imperitia.

668 2216 823 2303 Cap.
873 2217 979 2303 ¹74,
1025 2223 1054 2283 1
1097 2217 1527 2295 ἀναλαβόντες
1565 2218 1629 2283 δὲ
1676 2218 1846 2282 αὐτα
1896 2215 2011 2281 ὅσα
2059 2218 2222 2300 [περὶ
2263 2220 2333 2282 τὸ
2373 2219 2583 2299 σῶμα]
2620 2218 2680 2289 ἐς
2707 2217 2950 2282 δίαιταν

578 2325 853 2405 ὑπῆρχεν
900 2325 1212 2399 ἐπιτήδεια
1261 2327 1686 2405 ἀφορμᾶσθαι.
1749 2323 1964 2389 Simili
2012 2323 2392 2389 emblemate
2439 2322 2706 2389 liberavi
2752 2344 2950 2409 nuper

575 2429 789 2495 locum
855 2428 941 2493 VI
1010 2430 1124 2516 15,
1176 2432 1214 2494 3
1262 2432 1329 2495 in
1376 2430 1686 2496 Mnemos.
1737 2429 1908 2495 VIII
1953 2451 2018 2515 p.
2070 2426 2223 2497 16¹7.
2313 2428 2472 2494 Ibid.
2523 2430 2560 2514 ς
2608 2432 2647 2493 2
2695 2439 2839 2503 ταῖς
2887 2429 2948 2493 δὲ

579 2540 753 2604 ναυσὶ
802 2537 1343 2620 προσπλεύσαντες
1386 2538 1509 2610 τοὶς
1564 2537 1768 2623 [ναῦς]
1818 2542 1933 2601 τῶν
1972 2533 2320 2610 ’Λθηναίων
2356 2535 2480 2602 ἀπὸ
2521 2542 2626 2602 τοῦ
2652 2538 2949 2616 αἰγιαλοῦ

574 2649 899 2728 ἀφεῖλκον.
990 2645 1290 2732 Digitum
1334 2647 1401 2710 in
1448 2644 1605 2710 talia
1647 2644 1972 2710 intendere
2019 2643 2350 2710 suffecerit.

665 2751 820 2838 Gap.
888 2751 994 2830 75,
1058 2753 1100 2814 4
1170 2749 1326 2816 ὥστε
1387 2750 1637 2831 δάκρυσι
1692 2753 1818 2814 πᾶν
1877 2751 1946 2815 τὸ
2008 2750 2334 2830 <petreum
2399 2749 2761 2825 πλησθέν
2819 2749 2948 2816 κτὲ.

573 2857 937 2945 Aeschylus
980 2864 1129 2923 noto
1189 2857 1327 2923 loco

1303 2965 1532 3044 λέκτρα
1580 2963 1629 3028 δ’
1682 2964 1902 3044 ἀνδρῶν
1949 2961 2122 3046 πόθῳ

1302 3070 1792 3146 πίμπλαται
1845 3069 2248 3150 δακρύμασιν.

575 3177 679 3243 Ita
740 3183 957 3264 poeta:
1024 3176 1132 3242 sed
1180 3177 1471 3261 scriptori
1518 3176 1794 3260 pedestri
1840 3197 1964 3242 uon
2011 3179 2220 3264 magis
2269 3175 2630 3253 πιμπλάναι
2679 3177 2948 3242 scribere

576 3283 809 3349 licebat
854 3305 967 3368 pro
1019 3283 1464 3360 ἐμπιμπλάναι
1507 3303 1700 3368 quam
1746 3282 2127 3362 δακρύμασιν
2175 3303 2288 3367 pro
2336 3282 2640 3363 δάκρυσιν.

669 3389 909 3454 Ibidem
953 3388 1054 3473 §6
1116 3388 1222 3453 καὶ
1268 3391 1390 3467 μὴν
1440 3391 1471 3463 ἦ
1524 3387 1690 3460 ἄλλη
1741 3387 1916 3452 αἰκία
1965 3388 2067 3451 καὶ
2118 3393 2151 3464 ἧ
2201 3389 2500 3468 ἰσομοιρία
2547 3397 2664 3454 τῶν
2710 3397 2950 3468 κακῶν,

580 3491 809 3575 ἔχοντα
858 3520 996 3558 τινα
1046 3491 1203 3571 ὅμως
1253 3499 1321 3560 τὸ
1368 3496 1537 3572 μετα
1587 3502 1827 3560 πολλῶν
1873 3494 2187 3576 κούφισιν,
2237 3495 2356 3558 οὐδ’
2404 3492 2480 3568 ὦς
2528 3496 2708 3580 ῥᾳδία
2757 3499 2817 3560 ἐν
2863 3492 2945 3578 τῷ

579 3601 831 3682 παρόντι
891 3599 1245 3685 ἐδοξάζετο,
1310 3598 1519 3670 ἄλλως
1584 3625 1654 3663 τε
1703 3599 1807 3663 καί
1858 3603 1977 3680 ἀφ’
2025 3597 2150 3672 οἵας
2200 3599 2636 3680 λαμπρότητος
2683 3603 2787 3667 καί
2835 3604 2949 3666 αὖ·

578 3709 871 3787 χήματος
932 3711 1039 3771 τοῦ
1104 3708 1336 3785 πρώτου
1398 3707 1457 3777 ἐς
1518 3703 1647 3769 οἵαν
1709 3707 2003 3779 τελευτὴν
2063 3705 2166 3770 καί
2216 3707 2636 3783 ταπεινότητα
2683 3711 2944 3791 οἰφΐκτο.

578 3815 785 3880 Verba
828 3812 1005 3878 nullo
1052 3813 1243 3877 modo
1289 3815 1377 3876 sic
1418 3811 1742 3876 toleranda
1792 3813 1824 3885 ἡ
1875 3811 2040 3886 ἄλλη
2093 3812 2271 3877 αἰκία
2313 3811 2568 3880 Classen
2609 3815 2948 3900 depravata

582 3923 937 4007 suspicatur
982 3940 1059 3983 ex
1108 3921 1141 3994 ἧ
1190 3917 1358 3991 ἄλλη
1406 3917 1582 3982 αἰτία
1610 3967 1624 3992 ,
1677 3916 1814 3982 scil.
1867 3926 1976 3991 τῆς
2027 3919 2412 4000 κατηφείας,
2469 3920 2574 4005 (cf.
2623 3919 2684 4003 5,
2734 3943 2825 3986 vs·
2859 3921 2946 4005 1),

582 4049 741 4115 quae
786 4026 979 4091 fuerit
1024 4029 1174 4089 nota
1218 4023 1627 4110 marginalis,
1674 4027 1862 4090 cuius
1899 4031 2116 4090 auctor
2153 4031 2320 4090 certe
2360 4028 2706 4111 scripturus
2746 4027 2954 4092 fuerat

582 4142 694 4200 aut
740 4132 907 4206 ἄλλη
957 4133 1131 4197 αἰτία
1180 4138 1290 4196 aut
1340 4132 1373 4204 ἦ
1421 4131 1591 4210 τρίτη
1644 4131 1853 4204 αἰτία,
1901 4131 1994 4196 ita
2030 4137 2106 4196 ut
2138 4132 2326 4198 fateri
2367 4138 2640 4217 praestet
2679 4137 2950 4200 istorum

575 4241 917 4309 verborum
978 4241 1242 4326 originis
1285 4240 1739 4325 ignorantiam.
1831 4237 1972 4304 Hoc
2020 4245 2265 4304 certum
2315 4244 2445 4322 est,
2497 4241 2705 4324 siquid
2755 4243 2843 4305 sit
2884 4244 2952 4305 in

580 4349 721 4416 istis
780 4348 1079 4434 genuini,
1138 4351 1250 4410 aut
1294 4343 1493 4410 latere
1537 4343 1920 4412 vocabulum
1964 4363 2398 4432 synonymum
2445 4349 2764 4430 sequentis
2807 4346 2953 4412 sub-
