3369 5142
1404 355 1748 406 Awmruon.
2643 331 2768 401 291

398 530 475 595 de
536 548 764 617 genere
822 528 941 593 hoo
1000 533 1253 613 propter
1310 528 1619 593 librorum
1664 532 2158 596 inconstantiam
2207 548 2390 611 saepe
2436 533 2587 591 sunt
2635 547 2774 611 per-

398 634 685 701 difficiles
740 633 819 699 ad
864 633 1297 719 probandum,
1344 634 1454 699 sed
1498 638 1565 699 in
1612 638 2110 713 μεσεγγυοῦσθαι
2161 654 2349 699 causa
2395 641 2493 697 est
2547 632 2772 698 faoilis.

398 741 515 806 Usi
559 746 707 805 sunt
752 742 924 805 enim
969 738 1084 805 illo
1122 740 1316 805 verbo
1354 738 1659 807 Isocrates
1675 790 1693 818 ‚
1733 740 1919 807 Plato
1937 790 1954 818 ,
1983 740 2448 806 Demosthenes
2465 787 2483 816 ,
2509 760 2776 824 quorum

401 844 742 913 Codicibus
800 848 1049 910 utimur
1107 848 1568 930 antiquissimis
1629 854 1694 913 et
1751 849 2316 933 praestantissimis
2332 894 2348 923 ,
2416 849 2482 909 in
2546 846 2778 931 quibus

398 953 637 1017 formae
681 956 985 1019 sermonis
1029 954 1261 1019 veteris
1306 951 1672 1018 fidelissime
1717 966 1864 1017 sunt
1912 961 2333 1018 conservatae.
2407 952 2770 1039 Legebatur

402 1057 569 1143 apud
632 1057 972 1123 Isocratem
1033 1079 1182 1147 pag.
1233 1057 1427 1125 292a
1474 1069 1539 1124 et
1582 1081 1729 1146 pag.
1782 1058 1912 1124 235
1939 1084 1988 1124 c.
2040 1066 2514 1137 μεσεγγυῶνται
2553 1065 2618 1124 et
2662 1082 2772 1135 με·

402 1166 873 1242 σεγγυηματος.
920 1164 1030 1230 sed
1072 1166 1357 1249 optimus
1404 1164 1675 1231 Urbinas
1723 1168 2003 1232 servavit
2049 1164 2221 1231 solus
2278 1169 2774 1242 μεσεγγυοῦνται

404 1278 469 1336 et
514 1274 1070 1349 μεσεγγυώματος.
1119 1270 1308 1336 Plato
1342 1272 1690 1356 putabatur
1727 1272 1959 1337 dixisse
2001 1272 2074 1335 de
2098 1272 2348 1352 Leqibm
2370 1292 2514 1357 pag.
2544 1272 2675 1335 914
2698 1272 2775 1337 d.-

406 1378 513 1443 ἐὰν
589 1378 652 1442 δὲ
714 1377 782 1441 τὸ
843 1378 1267 1455 μεσεγγυηθὲν
1331 1380 1573 1457 θρέμμα
1637 1374 1713 1459 ᾖ,
1772 1378 1882 1443 sed
1940 1380 2008 1443 in
2064 1378 2300 1441 eximio
2359 1377 2648 1443 Parisino
2717 1380 2776 1443 A

410 1486 693 1549 omnium
777 1483 1119 1571 archetypo
1198 1486 1506 1568 seriptum
1577 1493 1673 1548 est
1730 1482 2213 1562 μεσεγγυΩθέν.
2307 1481 2779 1549 Produeebatur

412 1590 593 1655 testis
674 1589 1135 1655 Demosthenes
1214 1610 1363 1677 pag.
1451 1588 1605 1655 995.
1673 1589 1784 1655 21.
1858 1590 2496 1667 μεσεγγυησαμένης,
2569 1594 2774 1675 ipsam

408 1694 685 1761 Oratoris
744 1714 1011 1759 manum
1073 1702 1282 1761 servat
1336 1696 1664 1761 Parisinus
1730 1694 1776 1761 S
1833 1696 2492 1775 μεσεγγυΩσαμένης.
2589 1696 2776 1763 Nunc

406 1800 592 1868 facile
660 1808 756 1866 est
825 1800 1156 1866 emendare
1218 1801 1492 1885 reliquos
1556 1808 1619 1867 et
1687 1802 1918 1889 Lysiae
1979 1802 2234 1869 reddere
2291 1823 2438 1891 pag.
2493 1800 2642 1867 182.
2703 1806 2774 1868 1:

408 1910 546 1988 τρία
594 1910 887 1973 τάλαντα
922 1945 997 1955 -
1023 1910 1572 1986 μεσεγγυΩθέντα
1620 1916 1746 1981 τοῖς
1794 1910 2107 1986 λέγουσιν,
2152 1916 2216 1975 et
2239 1912 2773 1988 μεσεγγυΩθῆναι

406 2022 470 2081 et
544 2016 1013 2094 μεσεγγύΩμα
1073 2013 1473 2101 PhryniohO,
1537 2013 2062 2100 Harpocrationi,
2127 2014 2413 2085 Polluci.
2477 2014 2774 2095 Timaeo,

406 2122 637 2187 Suidae
655 2172 670 2197 ,
719 2122 883 2188 aliis.
954 2120 1239 2206 Denique
1284 2121 1669 2206 Antiphonti
1717 2128 1928 2187 nostro
1975 2122 2130 2187 haee
2177 2123 2530 2189 observatio
2576 2126 2778 2208 prosit

407 2236 471 2293 et
516 2228 845 2316 legamus:
894 2230 1073 2294 αὐτοί
1118 2252 1187 2291 τε
1238 2227 1342 2291 καὶ
1393 2231 1443 2293 οἱ
1491 2230 2137 2306 μεσεγγυΩσαμενοι.

498 2334 715 2401 Unum
782 2335 1018 2401 vitium
1090 2334 1257 2398 mihi
1314 2334 1664 2399 notandum
1721 2342 2033 2418 superest.
2121 2332 2399 2399 Putatur
2445 2334 2774 2420 Antiphon

406 2440 677 2506 dixisse:
751 2443 803 2506 οἱ
871 2439 1464 2518 μεσεγγυωσοὶμενοι
1536 2439 1639 2504 καὶ
1714 2438 1865 2519 παρ’
1931 2434 2014 2511 οἷς
2069 2440 2238 2513 ἐτέθη
2303 2441 2389 2505 τὰ
2446 2444 2773 2521 χρήματα.

407 2546 668 2613 Platner
730 2546 967 2614 delevit
1022 2548 1133 2612 καί
1176 2546 1479 2632 probante
1522 2544 1802 2612 Editore.
1899 2546 2019 2612 Sed
2067 2554 2243 2612 estne
2287 2546 2408 2613 hoe
2451 2546 2644 2614 satis?
2694 2552 2773 2615 Οἱ

408 2653 1001 2732 μεσεγγυωσοὶμενοι
1080 2659 1230 2718 sunt
1294 2663 1619 2738 sequestres
1683 2657 1846 2734 apud
1908 2675 2049 2738 quoe
2105 2655 2366 2736 pecunia
2447 2657 2776 2739 deponitur.

406 2755 627 2842 Itaque
696 2757 747 2824 οἱ
814 2757 1405 2837 marroc-’caiacum
1467 2764 1533 2824 et
1592 2763 1739 2838 παρ’
1802 2753 1888 2829 οἷς
1951 2758 2120 2833 ἐτέθη
2184 2760 2268 2823 τοὶ
2331 2761 2639 2840 χρήματα
2687 2771 2783 2827 est

407 2863 595 2948 plane
636 2863 829 2929 idem.
878 2863 984 2929 An
1030 2866 1237 2951 igitur

858 2970 946 3043 δὶς
994 2969 1221 3035 ταύτὸν
1270 2971 1414 3048 ἡμῖν
1461 2965 1628 3034 εἶπεν
1674 2970 1704 3034 ὅ
1751 2973 1939 3052 σοφὸς
1991 2971 2296 3053 Ἀντιφῶν
2315 2993 2332 3051 ;

406 3095 531 3140 non
577 3079 798 3162 opinor
818 3126 835 3154 ,
883 3077 993 3142 sed
1029 3076 1355 3161 Antiphon
1394 3074 1570 3140 dedit
1605 3077 1657 3141 ol
1698 3079 2295 3155 μεσεγγυωσοὶμενοι
2334 3085 2400 3143 et
2423 3076 2776 3146 Graeculus

404 3185 615 3248 neseio
661 3185 806 3268 quis
851 3185 999 3266 παρ’
1048 3178 1131 3254 οἷς
1180 3183 1349 3255 ἐτέθη
1397 3182 1483 3247 τοὶ
1523 3183 1835 3263 χρήματα
1883 3183 1960 3250 de
2009 3205 2122 3250 suo
2168 3185 2430 3250 addidit.

2143 3335 2216 3404 G.
2265 3335 2346 3404 G.
2395 3335 2688 3404 COBE'I'.

1334 3563 1818 3574 ———

1203 3797 1592 3848 onnrsn’rus
1638 3780 2003 3862 σολοικίζων.

497 3955 724 4024 Galen.
772 3955 849 4022 V.
914 3979 977 4042 p.
1027 3956 1182 4022 253.
1232 3959 1586 4040 σολοικίζειν
1629 3959 1755 4039 γὰρ
1810 3963 2057 4034 μᾶλλον
2107 3961 2486 4035 ὑποληπτέον
2539 3965 2654 4050 [ἐν]
2705 3973 2782 4046 τῇ

403 4070 575 4147 Φωνῇ
636 4066 739 4130 τὸν
804 4065 1152 4143 Χρύσιππον
1212 4065 1361 4145 ἥπερ
1421 4063 1573 4130 οὕτω
1638 4073 1959 4144 προφανῶς
2028 4067 2365 4144 ἀδιανόητα
2429 4071 2660 4147 λέγειν.
2711 4071 2784 4134 τὸ

404 4171 516 4250 μὲν
578 4178 707 4252 γὰρ
769 4172 863 4251 (τὸ
924 4169 1303 4254 σολοικίζειν)
1358 4173 1575 4242 ἱκανῶς
1626 4173 1872 4246 σύνηθες
1924 4175 2091 4254 αὐτῷ
2139 4175 2242 4238 καὶ
2291 4183 2614 4241 MONON
2666 4185 2778 4242 OT

406 4280 599 4341 KAo'
672 4281 1091 4342 'exAc'rHN
1160 4281 1429 4340 ‘PHclN
1502 4277 1859 4356 γενόμενον,
1929 4281 2000 4345 τὸ
2071 4281 2124 4344 δ’
2187 4278 2526 4356 ἀδιανόητα
2573 4282 2782 4359 λέγειν

408 4384 706 4461 οὐδαμῶς.

2317 4475 2388 4542 G.
2439 4477 2518 4543 G.
2568 4477 2640 4544 C.
