3369 5142
606 308 743 387 204
1272 422 1281 432 ·
1687 340 1908 390 emano

597 513 820 599 Itaque
884 531 1009 577 non
1066 510 1353 577 multum
1414 511 1626 578 tribuo
1694 515 1915 580 variae
1973 511 2236 578 lectioni
2295 515 2434 579 eius
2477 512 2748 579 codicis:
2807 513 3012 597 „alias

590 617 1053 709 piriestutiam'’
1084 619 1202 702 (sic
1242 615 1559 684 Gruterus
1592 623 1890 698 testatur)
1917 623 1980 685 et
2007 619 2302 684 Lambini
2327 619 2510 684 libris
2535 618 2930 703 (Victoriano
2945 617 3000 707 t)

490 797 495 800 ,
595 727 915 815 praesenti
962 727 1405 812 praeacutiani.
1496 723 1706 790 Notus
1766 731 1862 790 est
1921 745 2075 812 ager
2129 724 2583 790 Praetutianus
2603 775 2619 808 ‚
2665 746 2789 790 non
2829 727 3010 791 urbs.

603 831 865 898 Frustra
901 831 1108 917 igitur
1144 850 1374 896 nomen
1408 831 1647 916 patriae
1683 829 1886 896 Caelii
1923 831 2043 896 hoc
2077 831 2214 897 loco
2241 834 2582 916 quaeritur.
2637 832 2892 896 Dicitur
2933 853 3010 897 ea

506 1003 509 1006 ,
606 939 1032 1021 municipium
1062 937 1567 1021 („municipibus
1591 956 1727 1001 esse
1751 936 2219 1002 adulescentem
2242 957 2370 1002 non
2397 939 2733 1022 probatum
2759 939 2964 1025 suis”)
2989 965 3010 1025 ;

606 1044 716 1111 sed
778 1050 851 1109 ut
910 1049 1083 1128 post,
1135 1041 1279 1129 lege
1326 1042 1497 1108 Iulia
1550 1044 1695 1106 iura
1743 1047 2032 1108 omnium
2080 1044 2338 1108 urbium
2383 1045 2452 1108 in
2499 1042 2691 1108 Italia
2738 1044 2998 1110 fuerunt

606 1155 875 1236 aequata
896 1199 913 1225 ‚
988 1155 1051 1213 et
1117 1169 1351 1214 nomen
1421 1151 1762 1232 municipii
1833 1149 2067 1214 sensim
2139 1148 2218 1214 ad
2287 1168 2508 1214 omnes
2575 1151 2962 1216 translatum
2983 1201 2996 1224 ‚

607 1263 683 1322 ut
752 1257 949 1322 etiam
1006 1257 1301 1320 civitates
1360 1254 1626 1319 Latinae
1687 1257 1754 1318 in
1809 1253 2122 1339 Hispania
2168 1257 2516 1340 municipia
2563 1256 2858 1340 audiant,
2911 1262 3007 1324 sic
3081 1299 3086 1302 -

606 1366 739 1430 iam
788 1368 935 1428 ante
980 1363 1049 1426 in
1096 1357 1313 1428 Gallia
1359 1360 1808 1446 Transpadana
1852 1363 2093 1426 iactum
2143 1368 2274 1445 est,
2322 1383 2472 1428 cum
2518 1362 2664 1451 lege
2709 1363 3008 1450 Pompeii

608 1467 937 1535 Strabonis
986 1488 1041 1532 a.
1076 1465 1162 1532 89
1208 1470 1311 1532 ius
1356 1465 1528 1532 Latii
1576 1469 1953 1552 accepissem
2005 1470 2188 1532 cuius
2225 1470 2502 1556 regionis
2541 1489 2736 1554 quam
2761 1472 3005 1536 incerta

608 1580 675 1640 et
736 1574 1049 1640 fluctuans
1106 1575 1270 1638 ratio
1329 1573 1525 1638 fuerit
1587 1593 1788 1658 usque
1851 1573 1930 1638 ad
1989 1559 2201 1661 legem
2262 1573 2496 1640 Iuliam
2543 1576 2998 1664 municipalem

609 1685 870 1766 apparet
938 1701 1015 1746 ex
1084 1679 1457 1764 Marquardt
1518 1677 1603 1744 IV
1668 1700 1726 1764 p.
1801 1679 1952 1744 502.
2015 1703 2078 1744 n.
2129 1681 2170 1744 4
2255 1680 2339 1744 Et
2401 1701 2616 1766 reapse
2673 1681 2917 1748 Verona
2966 1704 3004 1749 a

609 1784 865 1854 Catullo
914 1787 1341 1871 municipium
1389 1786 1624 1851 dicitur
1678 1785 1779 1852 1‘7.
1827 1784 1904 1851 8:
1953 1787 2306 1871 „quendam
2349 1790 2740 1874 municipem
2777 1809 3002 1854 meum

609 1892 687 1959 de
746 1897 859 1959 tuo
918 1890 1063 1958 volo
1110 1897 1301 1977 ponte
1344 1893 1435 1956 ire
1481 1893 1894 1976 praecipitem
1939 1893 2006 1956 in
2053 1891 2334 1958 lutum.”
2385 1893 2632 1958 Rufum
2681 1893 2998 1960 Veronen-

607 2019 743 2064 sem
762 2046 779 2076 ,
853 2019 1042 2084 quem
1116 1995 1410 2062 Catullus
1474 2003 1959 2075 commemoret,
2029 1997 2194 2062 nihil
2269 2000 2584 2083 impedire
2659 2003 3001 2086 quominus

606 2101 901 2171 Caelium
962 2123 1097 2169 esse
1162 2101 1493 2168 credamus
1556 2103 1991 2170 demonstravi
2055 2102 2096 2170 1.
2125 2103 2166 2168 L
2219 2105 2316 2172 De
2395 2105 2684 2172 Puteolis
2742 2113 3001 2193 propter

608 2209 1188 2276 Alexandrinorum
1260 2207 1686 2294 pulsationem
1757 2207 2177 2274 Puteolanam
2247 2231 2371 2276 non
2439 2211 2628 2277 debet
2689 2212 2960 2300 cogitari
2979 2261 2996 2290 ,

604 2336 732 2382 non
792 2317 1007 2418 magis
1068 2335 1259 2400 quam
1324 2313 1401 2379 de
1446 2313 1754 2398 Neapoli,
1802 2317 2101 2399 quoniam
2151 2316 2491 2382 seditiones
2536 2317 2998 2403 Neapolitanae

604 2419 819 2486 Caelio
888 2419 1350 2486 obiiciebantur
1426 2421 1503 2508 (c.
1562 2419 1701 2504 10);
1785 2440 1937 2485 nam
2004 2423 2075 2486 in
2138 2441 2212 2488 ea
2272 2424 2509 2488 vicinia
2571 2445 2720 2488 cum
2769 2420 2997 2490 Clodia

604 2528 974 2595 versabatur
1037 2523 1293 2593 Caelius
1348 2547 1493 2592 cum
1543 2524 1746 2615 legati
1794 2525 2208 2593 Alexandrini
2255 2528 2558 2596 Puteolos
2603 2528 2998 2616 appeHerent

604 2656 766 2701 anno
815 2632 1078 2720 697157.
1126 2632 1223 2700 Of.
1274 2633 1355 2699 ad
1399 2633 1578 2699 Fam.
1622 2633 1669 2698 Ι.
1715 2633 1781 2699 .1.
1828 2634 1887 2710 1,
1930 2635 2010 2700 ad
2049 2634 2122 2715 Q.
2163 2635 2340 2701 fratr.
2383 2635 2461 2701 Π.
2508 2639 2566 2701 2.
2615 2638 2656 2701 3
2695 2636 2993 2723 (scriptae

601 2742 815 2807 media
853 2742 1066 2805 hieme
1106 2738 1499 2824 69‘7-698‚
1542 2761 1692 2805 cum
1730 2740 2138 2806 Ptolemaeus
2170 2744 2302 2806 iam
2327 2742 2720 2827 aliquamdiu
2743 2742 2991 2809 Romae

602 2847 814 2935 esset).
864 2846 1324 2933 Amplissimus
1371 2846 1535 2923 orde,
1592 2848 1657 2910 in
1697 2867 1886 2930 quem
1925 2853 2252 2930 cooptatus
2287 2854 2384 2914 est
2415 2846 2670 2914 Caelius
2707 2848 2991 2915 decurio-

600 2973 711 3019 nes
774 2957 922 3018 sunt
937 2972 954 3031 ς
1006 2953 1236 3029 honor,
1282 2972 1474 3035 quem
1522 2971 1558 3017 a
1602 2951 1833 3017 multis
1878 2952 2111 3018 frustra
2155 2954 2432 3038 petitum
2475 2956 2538 3019 ei
2583 2952 2986 3033 detulerunt,

600 3059 859 3127 videtur
920 3078 1051 3124 esse
1110 3057 1382 3143 hospitis
1428 3062 1544 3122 aut
1590 3060 1874 3143 patroni3
1924 3060 2091 3125 inter
2135 3066 2429 3144 patronos
2476 3066 2624 3125 sunt
2670 3066 2989 3127 senatores

600 3172 666 3233 et
736 3167 980 3251 equites
1046 3164 1355 3247 Romani,
1427 3166 1539 3249 qui
1609 3166 1678 3229 in
1725 3163 1868 3231 albo
1917 3164 2326 3232 decurionum
2377 3166 2695 3233 Canusino
2743 3188 2800 3233 a.
2850 3166 2985 3233 223

600 3293 658 3358 p.
712 3268 784 3337 O.
846 3271 1099 3337 honoris
1161 3290 1353 3337 causa
1412 3272 1693 3355 primum
1756 3270 1968 3336 locum
2033 3277 2360 3357 occupant.
2426 3272 2521 3339 Of.
2573 3272 2626 3337 Ι.
2674 3274 2757 3339 Ν.
2811 3272 2981 3352 635,

597 3377 976 3463 Marquardt
1018 3398 1080 3461 p.
1134 3376 1285 3441 505.
1334 3375 1429 3441 Hi
1472 3396 1639 3441 nunc
1683 3374 2027 3463 legationis
2073 3398 2336 3443 munere
2372 3378 2748 3466 funguntur.
2802 3378 2983 3446 Haec

596 3489 747 3548 sunt
806 3483 1100 3548 omnibus
1128 3483 1533 3567 *municipiis
1591 3486 1656 3546 et
1723 3480 1986 3547 coloniis
2035 3482 2298 3549 similia.
2397 3483 2578 3564 Quod
2623 3488 2983 3571 municipes

597 3590 897 3655 dicuntur
958 3586 1249 3654 Caelium
1318 3599 1627 3675 cooptassc
1684 3588 1753 3650 in
1817 3586 2233 3654 decurionum
2296 3596 2586 3656 senatum
2653 3592 2982 3660 diversum

597 3699 694 3763 est
756 3695 836 3759 ab
894 3713 967 3759 eo
1028 3692 1195 3779 quod
1256 3692 1411 3757 alibi
1476 3692 1721 3757 factum
1785 3696 2118 3771 novimus3
2169 3697 2234 3759 in
2284 3698 2655 3783 municipiis
2700 3702 2872 3763 enim
2915 3706 2982 3763 et

592 3801 889 3875 coloniis,
952 3798 1157 3864 veluti
1216 3797 1383 3863 Iulia
1441 3794 1758 3863 Genetiva
1812 3819 2107 3865 summus
2151 3804 2566 3888 magistratus
2611 3804 2979 3870 decuriones

588 3906 789 3993 legit,
837 3906 1013 3990 iique
1058 3925 1183 3969 non
1228 3903 1451 3989 procul
1496 3904 1575 3968 ab
1621 3904 1779 3968 urbe
1825 3904 2112 3971 habitare
2161 3907 2425 3985 debent;
2481 3909 2590 3974 sed
2643 3932 2792 3976 cum
2835 3913 2984 3996 quis

592 4016 729 4081 sive
792 4011 1017 4096 hospes
1078 4012 1213 4075 sive
1277 4015 1579 4095 patronus
1643 4010 1965 4096 simulque
2027 4011 2282 4078 decurio
2325 4012 2398 4079 fit
2442 4016 2697 4081 honoris
2745 4037 2933 4083 causa
2952 4063 2971 4092 ,

572 4117 836 4205 aliquid
882 4121 1061 4183 extra
1104 4116 1385 4181 ordinem
1425 4116 1671 4181 factum
1712 4136 1844 4181 esse
1883 4117 2173 4201 videtur,
2214 4120 2340 4183 nisi
2378 4141 2527 4185 vero
2563 4122 2974 4187 statuendum

592 4232 691 4293 est
751 4223 947 4302 illud,
1010 4221 1177 4308 quod
1238 4222 1488 4288 duoviri
1537 4244 1615 4287 ex
1660 4243 1776 4288 sua
1819 4228 2130 4308 potestate
2176 4225 2445 4303 faciant,
2496 4248 2607 4311 per
2654 4230 2972 4314 quandam

588 4331 951 4411 libertatem
1010 4330 1133 4395 toti
1187 4328 1439 4395 civitati
1486 4328 1778 4394 adscribi.
1875 4328 2042 4394 Nam
2091 4342 2374 4417 cooptare
2420 4355 2542 4397 non
2591 4340 2842 4399 tantum
2893 4334 2973 4401 de

592 4439 781 4508 sociis
838 4433 1097 4523 collegii
1164 4433 1493 4499 cuiusdam
1544 4434 1781 4499 dicitur
1828 4434 1938 4500 sed
1981 4434 2177 4501 etiam
2226 4435 2303 4503 de
2347 4439 2732 4526 magistratu
2782 4440 2972 4506 colle·
