3369 5142
1500 343 1621 399 rso
1666 347 1912 400 cmm.
2748 321 2882 394 213

501 533 691 606 quem
741 519 876 588 dixi
924 520 1065 589 loco
1109 523 1146 606 ς
1193 520 1313 588 49:
1368 527 1487 600 „ut
1531 543 1656 588 non
1705 521 1916 587 solum
1965 519 2303 605 meretrix,
2350 523 2457 586 sed
2499 524 2688 587 etiam
2720 544 2879 608 pro·

502 639 671 692 teo-va
727 631 1023 693 mereto-1222
1084 647 1440 713 procaxque
1501 627 1830 692 videatur”
1886 626 2080 693 verba
2147 626 2460 692 subducta
2521 647 2555 692 e
2602 625 2666 691 S.
2711 647 2879 693 rece-

497 737 730 817 perunt
792 754 1043 810 omnes,
1110 754 1307 818 eaque
1367 739 1517 798 sunt
1577 734 1778 798 etiam
1826 733 1893 797 in
1940 730 2040 796 W.
2089 731 2193 815 (cf.
2245 730 2769 816 Wrampelmeicr
2814 752 2877 818 p.

498 837 821 916 XXXII13
886 839 1110 905 Franc.
1150 841 1281 924 ‘sed
1322 842 1512 904 etiam
1548 839 1818 927 procax)
1834 863 1857 914 ,·
1905 840 2030 903 etsi
2075 837 2276 903 fateor
2321 840 2669 923 repetitum
2715 837 2880 902 illud

498 947 793 1010 meretri-z
827 966 948 1012 non
993 947 1191 1011 nimis
1235 944 1481 1032 placere
1499 992 1516 1022 ,
1564 965 1681 1010 nec
1719 947 1934 1010 minus
1973 949 2196 1029 aptum
2235 944 2526 1008 futurum
2559 944 2754 1010 fuisse
2777 946 2884 1008 sed

497 1053 685 1116 etiam
729 1054 936 1117 virosa
972 1074 1330 1141 procaxque
1344 1101 1359 1126 ‚
1411 1056 1625 1118 tamen
1666 1071 1704 1116 a
1743 1047 2046 1116 Cicerone
2082 1049 2350 1115 alteram
2373 1048 2713 1115 lectionem
2739 1068 2884 1134 pro-

498 1155 731 1222 fectam
778 1177 915 1222 esse
962 1177 1036 1223 eo
1093 1157 1310 1222 minus
1367 1177 1568 1244 neg0‚
1636 1158 1940 1241 quoniam
1987 1154 2333 1241 repetitum
2379 1153 2546 1220 illud
2591 1157 2882 1220 meretrix

500 1282 689 1328 causa
735 1262 1201 1348 depravationis
1246 1284 1380 1330 esse
1426 1264 1661 1348 potuit.
1712 1300 1794 1310 —
1844 1260 2092 1326 Deinde
2121 1262 2174 1344 5
2222 1261 2342 1326 52:
2394 1280 2560 1346 „quo
2617 1260 2880 1346 quidem

498 1371 568 1433 in
615 1367 883 1435 crimine
929 1371 1215 1455 primum
1262 1367 1427 1434 illud
1474 1370 1796 1454 requiram
1817 1417 1834 1446 ,
1887 1368 2201 1432 dixeritne
2243 1365 2506 1434 Clodiae
2547 1390 2739 1454 quam
2795 1366 2884 1429 ad

501 1499 633 1540 rem
680 1498 909 1540 aurum
956 1488 1091 1541 tum
1133 1479 1253 1542 iret
1299 1500 1382 1540 an
1426 1500 1551 1540 non
1594 1477 1844 1540 daverit.
1893 1473 1968 1538 Si
2010 1496 2134 1538 non
2178 1472 2389 1538 dix.i.t
2405 1518 2423 1550 ,
2472 1493 2587 1538 cur
2633 1470 2809 1537 dedit
2821 1467 2882 1534 ‘l”

500 1580 605 1646 Sic
664 1580 741 1664 P,
798 1578 955 1666 EG,
1014 1581 1245 1648 Bernn.
1308 1580 1535 1648 Leidd.
1556 1601 1573 1659 3
1637 1580 1832 1647 verba
1893 1579 2206 1644 subducta
2267 1577 2468 1645 altera
2524 1598 2755 1644 manus
2811 1578 2882 1640 in

500 1686 731 1752 lacuna
790 1686 1135 1772 supplevit.
1201 1686 1267 1755 S.
1330 1686 1552 1752 eadem
1614 1684 1982 1770 suppedit-at
2042 1685 2152 1749 sed
2209 1703 2324 1769 pro
2380 1687 2499 1748 iret
2544 1682 2738 1748 habet
2782 1704 2884 1744 su-

502 1804 709 1857 meret.
756 1791 938 1857 Idem
978 1791 1202 1858 Franc.
1242 1791 1368 1876 (F),
1410 1791 1521 1877 qui
1558 1791 1724 1856 liber
1763 1793 1883 1856 etsi
1928 1789 2255 1873 noviciae,
2302 1795 2521 1854 tamen
2566 1786 2884 1852 Salisbur-

502 1899 685 1983 gensi
744 1903 841 1961 est
901 1898 1250 1983 antiquior,
1308 1903 1383 1962 ut
1424 1901 1478 1962 si
1523 1908 1787 1963 sumeret
1833 1899 1919 1961 sit
1963 1897 2366 1979 correctoris,
2414 1900 2584 1961 certe
2627 1913 2752 1960 non
2798 1895 2886 1957 sit

501 2001 749 2068 librarii
814 2001 879 2068 S.
928 2002 1221 2091 Vestigia
1263 2003 1501 2068 veteris
1545 2002 1839 2068 lectionis
1887 2021 2158 2080 „aurum
2205 2009 2512 2066 mutuum
2558 1995 2884 2064 sumeret”

500 2107 743 2193 (auo-tm
788 2121 1063 2174 Mutuum
1108 2114 1182 2174 ut
1230 2109 1462 2174 abierit
1521 2111 1589 2173 in
1645 2132 1875 2173 aarum
1937 2108 2137 2190 tum),
2201 2107 2368 2192 quod
2423 2109 2634 2191 prima
2679 2105 2886 2190 specie

501 2213 902 2299 blandiatur,
968 2215 1123 2281 haec
1186 2217 1297 2280 vix
1345 2217 1664 2280 continere
1710 2217 2010 2299 possunt,
2061 2215 2359 2297 quoniam
2409 2232 2533 2277 non
2579 2216 2885 2276 mutuum

498 2323 766 2398 sumsit,
832 2341 981 2386 nam
1048 2321 1210 2386 insta
1271 2341 1325 2385 c.
1379 2318 1461 2385 13
1506 2323 1646 2384 init.
1703 2340 1976 2397 „aurum
2022 2326 2356 2404 sumptum
2405 2337 2444 2382 a
2487 2314 2743 2382 Clodia?
2791 2314 2885 2379 di-

500 2426 701 2504 citur,
772 2447 900 2492 non
975 2433 1281 2491 mutuum
1357 2431 1693 2510 sumptum
1715 2471 1733 2503 ,
1804 2431 1869 2490 et
1935 2425 2023 2490 ib.
2088 2426 2124 2508 §
2171 2421 2257 2488 32
2317 2423 2752 2490 commodasse
2817 2441 2885 2486 se

498 2530 726 2598 Clodia
781 2537 1076 2599 narratur
1121 2533 1396 2610 dixisse,
1450 2536 1516 2598 et
1561 2531 1753 2618 paulo
1801 2537 1946 2597 ante
1991 2532 2028 2615 ἓ
2075 2529 2156 2595 31
2212 2530 2482 2609 „habuit
2528 2548 2721 2616 quam
2769 2527 2882 2592 diu

496 2637 709 2705 voluit
772 2635 1143 2724 (Caelius).”
1202 2639 1613 2704 Probandum
1658 2639 1919 2704 videtur
1963 2637 2240 2722 simplex
2284 2649 2548 2703 sumeret
2592 2635 2701 2701 sed
2747 2636 2882 2700 sine

500 2756 667 2821 tum,
738 2743 907 2829 quod
970 2742 1221 2808 nullam
1283 2743 1349 2807 h.
1378 2743 1426 2809 1.
1501 2744 1697 2809 habet
1769 2742 2169 2809 commodam
2239 2744 2641 2808 sententiam.
2735 2739 2879 2805 Non

498 2854 706 2917 exstat
764 2850 1037 2916 verbum
1104 2854 1363 2933 quartae
1426 2850 1898 2936 coniugationis
1945 2851 2037 2935 (in
2086 2886 2170 2897 —-
2217 2850 2362 2936 iret)
2406 2847 2572 2933 quod
2617 2846 2725 2911 hic
2771 2865 2878 2929 ap-

495 2961 639 3021 tum
719 2955 885 3020 foret
904 3002 920 3033 ‚
999 2975 1193 3039 quare
1260 2956 1531 3039 suspitio
1602 2962 1698 3021 est
1765 2975 2032 3020 manum
2102 2954 2442 3021 secundam
2511 2953 2877 3018 litterarum

498 3061 728 3128 ductus
770 3059 941 3126 male
986 3060 1468 3145 interpretatam
1521 3082 1655 3127 esse
1677 3110 1695 3137 ‚
1741 3064 2079 3149 magisque
2125 3060 2454 3127 oculorum
2503 3061 2638 3125 acie
2682 3077 2878 3144 quam

500 3167 830 3235 divinandi
886 3166 1255 3253 prudentia,
1302 3186 1463 3252 quae
1508 3170 1575 3231 in
1624 3166 1894 3232 evanida
1938 3186 2136 3251 paene
2181 3169 2493 3252 scriptura
2539 3185 2734 3250 aeque
2781 3169 2878 3227 est

498 3276 877 3349 necessaria,
923 3272 1225 3339 valuisse.
1293 3270 1585 3358 Denique
1628 3274 1663 3357 ᾖ
1697 3270 1785 3336 80
1832 3274 1901 3336 in
1947 3271 2020 3336 P.
2071 3272 2242 3338 male
2287 3272 2532 3359 legerat
2576 3270 2876 3335 librarius

496 3380 689 3448 verba
734 3380 899 3445 infra
944 3379 1293 3444 subducta:
1348 3378 1884 3455 „adulescentiam
1923 3376 2176 3462 plenam
2218 3378 2353 3462 spei
2395 3378 2714 3441 maximae
2752 3393 2878 3437 non

494 3486 685 3551 modo
747 3506 871 3551 non
930 3486 1155 3549 aluisse
1200 3508 1304 3549 vos
1349 3486 1456 3549 sed
1500 3486 1690 3549 etiam
1735 3483 2076 3569 perculisse
2122 3490 2312 3568 atque
2359 3482 2654 3548 afflixisse
2700 3480 2877 3545 vide-

498 3590 750 3668 amini'’,
796 3611 947 3656 nam
998 3596 1289 3676 „praeter
1331 3588 1581 3655 litteras
1620 3590 1686 3653 al
1731 3588 1974 3673 reliqua
2012 3590 2230 3654 omnia
2265 3592 2332 3653 in
2371 3608 2494 3653 ras.
2534 3592 2598 3652 et
2632 3588 2870 3673 partim

495 3717 634 3782 sup.
682 3695 796 3761 lin.
845 3717 933 3761 m.
982 3694 1023 3760 2
1073 3698 1309 3790 scripta
1356 3694 1543 3760 sunt'’
1594 3699 1758 3760 teste
1805 3692 2091 3759 HalmiO.
2144 3731 2225 3744 ·-
2277 3692 2376 3758 S.:
2431 3692 2706 3771 „aluisse
2763 3691 2873 3757 sed

495 3803 733 3868 etiam'’
786 3810 933 3885 (non
978 3822 1106 3867 om.
1156 3800 1335 3867 Leid.
1381 3800 1459 3866 Β.
1508 3806 1651 3867 ante
1698 3800 1966 3884 aluisse).
2013 3799 2333 3865 Notabilis
2377 3799 2442 3863 h.
2467 3799 2513 3864 l.
2560 3799 2752 3864 lectio
2777 3803 2873 3863 est

492 3910 560 3974 in
628 3908 880 3974 Franc.:
956 3926 1121 3985 „non
1182 3907 1372 3972 modo
1433 3926 1545 3972 nos
1604 3925 1730 3971 non
1788 3907 2127 3988 abiecisse,
2190 3904 2298 3971 sed
2357 3903 2610 3969 etiam.”
2656 3902 2868 3969 Num:

500 4035 663 4098 „non
713 4014 903 4080 modo
950 4014 1284 4090 abiecisse,
1336 4012 1443 4077 sed
1490 4010 1832 4098 perculisse
1877 4016 2066 4096 atque
2112 4010 2408 4076 afflixisse
2446 4006 2873 4076 videamini”?

495 4122 750 4187 Abicere
795 4144 859 4187 se
906 4120 1147 4204 (animo
1194 4117 1601 4203 despondere)
1650 4122 1879 4182 notum
1926 4124 2047 4193 est3
2099 4118 2328 4182 abicere
2365 4117 2632 4181 alterum
2671 4122 2872 4180 trans-

500 4224 634 4292 lata
698 4223 1162 4314 significatione
1238 4223 1474 4288 dicitur
1553 4222 1878 4307 aliquanto
1945 4221 2152 4287 lenius
2214 4242 2406 4307 quam
2461 4233 2871 4308 prosternere.

501 4330 609 4397 Ad
672 4332 851 4397 Fam.
900 4330 983 4397 X.
1042 4328 1145 4396 12.
1198 4333 1269 4394 4:
1327 4328 1537 4406 „hunc
1583 4328 2119 4414 quemadmodum
2169 4328 2472 4415 fregerim
2517 4330 2875 4412 quantaque

502 4440 902 4504 contentione
941 4436 1191 4503 Titium
1229 4437 1708 4501 intercessorem
1748 4434 2084 4500 abiecerim
2128 4453 2205 4498 ex
2243 4432 2512 4498 aliorum
2557 4438 2620 4497 te
2643 4429 2880 4499 litteris
