3369 5142
632 304 762 373 128
1607 316 2035 373 invenimus.

624 495 1005 573 ποιησόμενοι
1078 498 1144 561 et
1209 495 1278 559 in
1341 495 1635 581 margine
1696 494 1989 581 suppleta
2048 496 2118 559 in
2177 491 2456 559 alienam
2514 486 2733 557 sedem
2794 490 3009 557 immi-

624 605 916 689 grarunt.

716 809 1007 898 Thucyd.
1055 808 1166 875 III.
1223 808 1324 875 15.
1377 812 1428 875 οἱ
1475 810 1588 888 μὲν
1637 810 1950 891 προθύμως
1996 814 2207 876 ταῦτα
2254 806 2557 888 ἔπρασσον
2576 856 2595 891 ,
2640 809 2690 873 οἱ
2731 807 2793 873 δὲ
2832 805 3013 874 ἄλλοι

623 912 1069 997 ξύμμαχοι-
1097 917 1159 980 ἕν
1205 920 1437 995 καρποῦ
1483 914 1833 997 ξυγκομιδῇ
1883 911 2037 989 ἦσαν
2078 914 2180 980 καὶ
2223 914 2489 997 αρρωςία
2522 918 2629 978 τοῦ
2668 914 3009 993 ςρατεύειν.

623 1020 888 1087 Frustra
949 1023 1220 1088 coniecit
1282 1020 1573 1087 Badhem
1621 1021 1865 1105 ὀρρωδίᾳ
1912 1041 2025 1107 pro
2074 1022 2354 1104 α’ρρωςία.
2452 1017 2625 1085 Socii
2670 1040 2797 1085 non
2841 1024 3015 1105 pote-

623 1132 767 1193 rant
809 1128 1210 1211 reformidare
1252 1128 1408 1191 hane
1450 1128 1726 1191 militiam
1746 1177 1763 1211 ,
1813 1148 1939 1193 non
1984 1130 2157 1193 enim
2200 1133 2335 1192 erat
2380 1124 2623 1191 bellum
2645 1174 2663 1209 ,
2702 1126 2815 1191 sed
2854 1128 3017 1192 citra

623 1232 982 1319 periculum
1022 1235 1162 1321 agri
1198 1232 1453 1298 hostilis
1499 1232 1931 1319 depopulatio,
1978 1232 2175 1299 Recte
2214 1232 2527 1319 explicuit
2552 1231 2768 1297 locum
2792 1230 3017 1299 Aelius

622 1339 975 1425 Dionysius
1015 1338 1183 1423 apud
1223 1335 1492 1403 Suidam
1521 1340 1622 1425 (ex
1645 1338 1906 1424 Photio)
1930 1361 1995 1406 v.
2024 1340 2321 1418 ’Λρρως-Ια
2346 1340 2501 1403 etin
2525 1336 2805 1403 Bekkeri
2829 1341 3017 1402 Anac-

623 1444 779 1508 dots's
815 1464 964 1531 pag.
1008 1442 1159 1508 446.
1193 1442 1293 1509 13.
1338 1445 1638 1524 ’ΛρρωςΙα
1664 1451 1771 1510 τοῦ
1798 1444 2113 1525 ςρατεύειν
2134 1461 2150 1509 :
2175 1443 2313 1508 ἀντὶ
2341 1448 2446 1509 τοῦ
2472 1445 2846 1524 οὶπροθυμία.
2882 1442 3011 1509 Im-

622 1549 849 1635 primis
868 1550 996 1614 huc
1017 1548 1174 1614 facit
1197 1548 1376 1615 locus
1401 1549 1759 1637 Phrynichi
1782 1553 1849 1615 in
1871 1550 2075 1616 Bekk.
2104 1552 2325 1615 Anecd.
2351 1570 2500 1637 pag.
2528 1548 2590 1613 8.
2620 1548 2695 1614 3:
2723 1551 2773 1614 οἱ
2798 1554 3012 1617 Ἀττι-

625 1656 714 1721 κοὶ
755 1656 865 1729 την
904 1658 1205 1736 ὥρρωςίαν
1246 1656 1345 1721 ἐπὶ
1390 1660 1496 1721 τοῦ
1522 1657 1609 1733 μὴ
1637 1658 2070 1736 προθυμεῖσθαι
2096 1656 2253 1736 μηδὲ
2279 1656 2471 1735 ὃρμὶἑν
2495 1652 2727 1735 πρᾶξαι
2752 1654 3009 1721 τιθέασι.

623 1761 692 1825 τὸ
756 1762 881 1842 γὰρ
941 1762 1357 1841 ἀντικείμενον
1419 1771 1496 1844 τῇ
1560 1762 1818 1842 τοιαύτη
1864 1763 2128 1845 οέρρωςίᾳ
2174 1770 2465 1842 Κρατῖνος
2514 1757 2682 1826 εἶπεν
2730 1762 3009 1843 ἐρρῶσθαι

621 1862 737 1932 οἷον
798 1868 1250 1949 προθυμεῖσθαι.
1345 1866 1546 1954 Saepe
1608 1889 1681 1934 eo
1744 1890 1933 1934 sensu
1994 1870 2272 1947 ἐρρῶσθαι
2322 1871 2386 1933 et
2432 1867 2795 1946 ἐπερρῶσθαι
2844 1867 3013 1953 apud

622 1971 1066 2061 Thucydidem
1115 1972 1375 2061 leg-itur.
1451 1975 1787 2054 ’Λρρωςίαν
1833 1995 1906 2039 eo
1956 1994 2145 2039 sensu
2192 1972 2601 2059 Thucydides
2650 1973 2814 2036 dixit
2862 1971 3010 2038 VII.

625 2077 732 2146 47.
806 2080 1202 2157 ἐβουλεύοντο
1271 2117 1352 2128 -
1411 2080 1556 2159 πρὸς
1618 2082 1730 2155 την
1792 2085 2108 2159 παροῦσαν
2171 2080 2231 2143 ἐν
2294 2081 2377 2159 τῷ
2438 2079 2789 2160 ςρατοπέδῳ
2838 2079 3011 2143 κατοὶ

621 2184 837 2250 πάντα
896 2186 1194 2266 duppe-›cias‹
1266 2190 1330 2250 et
1397 2184 1656 2265 ἄρρωςος
1726 2207 1840 2272 pro
1911 2185 2255 2265 ἀπρόθυμος
2324 2184 2569 2272 legitur
2637 2184 2817 2251 VIII.
2895 2184 3006 2251 83.

623 2292 832 2373 πολλῷ
881 2292 940 2361 ἐς
985 2293 1094 2363 την
1139 2291 1523 2370 μισθοδοσίαν
1569 2291 1672 2357 τὸν
1719 2294 2155 2375 Τισσαφέρνην
2200 2290 2596 2373 ἑρρωςότερον
2642 2290 3006 2371 γενόμενον,

621 2397 692 2463 id
759 2402 856 2463 est
922 2394 1101 2473 ἦττον
1160 2396 1493 2482 πρόθυμον,
1551 2403 1616 2463 et
1669 2400 1763 2463 sic
1824 2401 2069 2485 optime
2128 2402 2295 2464 inter
2356 2418 2423 2463 se
2468 2403 2904 2484 opponuntur:
2954 2399 3007 2463 οἱ

622 2504 736 2583 μὲν
806 2502 1120 2584 προθύμως
1188 2508 1401 2569 ταῦτα
1471 2502 1805 2590 ἔπρασσον,
1877 2506 1929 2570 οἱ
1992 2504 2057 2569 δὲ
2108 2542 2187 2555 -
2240 2498 2394 2580 ἦσαν
2454 2504 2515 2569 ἐν
2574 2505 2837 2590 οὶρρωςίᾳ
2898 2510 3005 2571 τοῦ

622 2611 959 2694 ςρατεύειν.

711 2825 1002 2914 Thucyd-
1061 2827 1177 2892 ΠΙ.
1233 2826 1340 2893 16.
1401 2821 1510 2893 οἷοί
1555 2850 1626 2892 τε
1673 2827 1787 2892 εἶσὶ
1837 2827 1925 2906 μὴ
1970 2830 2269 2899 κινοῦντες
2317 2828 2386 2892 τὸ
2436 2826 2540 2892 ἐπὶ
2587 2825 2817 2908 Λέσβῳ
2866 2851 3008 2893 ναυ-

620 2934 786 2999 τικὸν
840 2932 1002 3021 [καὶ]
1055 2935 1126 2999 τὸ
1166 2934 1292 3000 απὸ
1334 2935 1791 3010 Πελοποννήσου
1834 2932 2001 2999 ἐπιὸν
2024 2934 2237 3017 ῥαδίως
2261 2933 2631 3012 ἀμύνεσθαι.
2679 2934 3009 3000 Eiicienda

623 3043 719 3105 est
765 3038 993 3124 copula
1037 3037 1164 3105 loci
1210 3041 1736 3126 compositionem
1784 3039 2039 3106 vitians.

712 3245 998 3337 Thucyd.
1066 3250 1191 3316 111.
1263 3251 1366 3316 18.
1433 3251 1495 3317 3.
1560 3254 1612 3318 οἱ
1677 3252 1729 3316 δ’
1778 3252 2083 3325 Ἀθηναῖοι
2134 3289 2217 3300 -
2267 3250 2581 3331 πέμπουσι
2630 3287 2717 3300 —-
2761 3253 3004 3333 χιλίους

624 3354 891 3426 ὁπλίτας
940 3357 1188 3422 ἑαυτῶν.
1241 3358 1293 3422 οἱ
1344 3356 1400 3421 δ’
1446 3355 1776 3438 αὐτερέται
1825 3356 2212 3429 πλεύσαντες
2266 3357 2416 3444 [τῶν
2462 3361 2633 3442 νεῶν]
2682 3358 3005 3439 ἀφικνοῦν-

623 3485 749 3525 ται.
839 3461 1194 3528 Molestum
1257 3469 1376 3529 τῶν
1441 3470 1580 3529 νεῶν
1603 3513 1618 3539 ,
1669 3462 1837 3548 quod
1884 3483 2009 3547 quo
2055 3463 2364 3528 referatur
2409 3484 2535 3529 non
2578 3463 2807 3547 habet,
2856 3464 3010 3530 insi-

623 3569 855 3633 ticium
916 3573 1029 3632 est.
1125 3567 1348 3634 Aelius
1411 3568 1762 3656 Dionysius
1824 3567 1993 3653 apud
2055 3566 2323 3634 Suidem
2374 3567 2478 3656 (ex
2517 3567 2814 3654 Photio):
2871 3577 2921 3633 A
2943 3571 3010 3634 ύ-

621 3670 994 3754 τερέταιε
1045 3711 1130 3722 -
1177 3675 1228 3738 οἱ
1280 3674 1454 3740 αὐτοὶ
1505 3674 1610 3739 καὶ
1661 3673 1865 3753 ἐρέται
1914 3672 2019 3738 καὶ
2069 3674 2347 3740 ὁπλῖται.
2442 3673 2851 3762 Thucydides
2884 3673 3008 3741 VI.

623 3777 734 3843 91.
798 3779 850 3844 εἰ
915 3780 1006 3855 μη
1055 3815 1138 3829 ·-—
1187 3780 1448 3859 ςρατιὰν
1495 3779 1596 3844 ἐπὶ
1647 3781 1789 3844 νεῶν
1837 3778 2129 3861 πέμψετε
2177 3779 2467 3856 τοιαύτην
2514 3780 2748 3858 ἐκεῖσε,
2794 3777 3009 3852 οἵτινες

626 3884 952 3965 αὖτερέται
1003 3885 1391 3964 κομισθέντες
1442 3885 1906 3951 ὄπλιτεύσουσιν
1946 3886 2139 3959 εὐθύς.

712 4091 1004 4180 Thucyd.
1069 4092 1184 4160 IH.
1246 4091 1354 4160 20.
1423 4097 1482 4160 2.
1535 4096 1907 4170 ἀπώκνησαν
1957 4120 2085 4168 πως
2132 4095 2235 4160 τὸν
2286 4095 2549 4160 κίνδυνον
2596 4095 2809 4174 μέγαν
2856 4094 3005 4173 ἥγη-

623 4196 902 4279 σοὶμενοι.
950 4195 1409 4287 Coniungenda
1456 4206 1606 4266 sunt
1653 4201 2026 4276 ἀπώκνησαν
2074 4201 2175 4269 τὸν
2216 4200 2511 4276 κίνδυνον,
2556 4208 2629 4266 ut
2667 4199 2782 4268 ΙΙΙ.
2810 4199 2917 4265 30.
2946 4201 3008 4267 4.

626 4305 733 4374 καὶ
781 4305 871 4386 μὴ
919 4305 1363 4386 ἆποκνήσωμεν
1409 4305 1511 4372 τὸν
1559 4307 1841 4374 κίνδυνον.
