3369 5142
1493 314 1720 365 PLArO.
2642 293 2772 362 333

394 493 621 574 χρηςὸν
679 490 785 557 καὶ
850 489 1123 576 πονηρόν]
1150 541 1168 570 ,
1233 488 1527 571 ἀσφαλές
1586 512 1675 554 σοι
1725 487 1997 553 ὠνεῖσθαι
2043 488 2395 565 μαθήματα
2441 487 2546 554 καὶ
2595 487 2769 568 παρὰ

398 598 805 679 Πρωταγόρου
862 598 967 662 καὶ
1032 597 1177 678 παρ’
1241 595 1441 663 ἄλλου
1491 597 1748 662 ὁτουοῦν.
1794 593 1956 660 Ecce
1999 596 2231 660 iterum
2276 616 2666 681 supervacua
2711 597 2776 660 et

397 704 671 771 molesta
729 705 923 772 verba
983 703 1050 768 τί
1107 705 1337 784 κρῆς-ὸν
1397 703 1501 768 καὶ
1569 699 1812 781 πονηρόν
1834 751 1851 785 ,
1915 701 2148 786 quibus
2205 699 2553 767 eliminatis
2598 699 2775 766 aliud

398 813 637 878 vitium
684 815 987 897 superest.
1036 809 1411 896 Requiritur
1456 812 1628 876 enim
1675 810 1728 873 εἰ
1770 809 1845 872 σὺ
1885 806 2228 889 τυγχάνεις
2270 808 2582 886 ἐπισήμων
2605 807 2774 871 *ΩΝ

400 917 629 984 τούτων
675 939 753 984 ex
801 918 1110 984 constanti
1161 923 1226 983 et
1272 918 1782 1002 frequentissimo
1824 914 2189 982 Atticorum
2235 938 2358 981 usu
2400 917 2774 1002 praesertim

402 1024 570 1110 apud
631 1024 987 1091 Platonem.
1054 1023 1219 1105 Quia
1274 1023 1464 1089 facile
1528 1025 1601 1088 ὤν
1654 1030 1719 1089 et
1765 1022 1825 1088 όν
1870 1023 1983 1088 ubi
2029 1023 2348 1108 praecedit
2394 1019 2776 1090 vocabulum

400 1133 469 1194 in
517 1169 602 1180 —
653 1157 729 1196 ων
779 1132 883 1198 vel
938 1169 1013 1181 -
1065 1154 1127 1196 ον
1172 1130 1387 1196 exiens
1435 1129 1761 1207 excidunt,
1815 1130 2057 1194 factum
2108 1132 2202 1193 est
2249 1132 2324 1193 ut
2364 1128 2534 1195 docti
2571 1128 2778 1193 homi-

403 1257 513 1301 nes
576 1240 981 1322 opinarentur
1038 1237 1115 1302 σὺ
1169 1235 1515 1316 τυγχάνεις
1565 1235 1878 1312 ἐπισήμων
1929 1256 2042 1320 pro
2091 1231 2150 1298 εἷ
2189 1256 2226 1301 a
2270 1236 2431 1301 bono
2479 1237 2780 1320 scriptore

401 1347 571 1408 recte
615 1344 743 1410 dici
787 1365 1001 1428 posse,
1049 1344 1158 1409 sed
1212 1343 1504 1428 exempla
1524 1393 1540 1420 ,
1588 1342 1823 1428 quibus
1868 1347 2141 1406 utuntur
2160 1393 2176 1417 ,
2229 1363 2477 1427 semper
2513 1361 2780 1406 numero

404 1450 771 1516 decrescunt
832 1457 898 1516 et
958 1470 1099 1536 spes
1158 1455 1253 1515 est
1311 1450 1442 1514 fore
1504 1457 1583 1514 ut
1644 1448 1982 1534 aliquando
2043 1454 2106 1513 et
2153 1448 2396 1535 reliqua
2441 1451 2656 1514 omnia
2703 1469 2780 1513 ex

405 1558 665 1642 optimis
711 1557 1121 1642 scriptoribus
1167 1555 1459 1621 funditus
1508 1554 1838 1621 tollantur.
1936 1554 2124 1620 Nunc
2171 1559 2385 1620 omnia
2430 1560 2598 1621 recte
2641 1575 2780 1640 pro·

404 1665 671 1730 cedunt:
734 1668 838 1748 φοί
897 1685 937 1725 a
1000 1667 1293 1745 sophistis
1352 1662 1744 1744 disciplinas,
1811 1662 2000 1726 animi
2045 1663 2356 1741 alimenta,
2408 1671 2603 1726 emunt
2619 1711 2636 1740 ,
2685 1663 2780 1726 in-

408 1773 584 1856 quit,
649 1775 925 1854 iquorare
984 1773 1175 1833 solent
1232 1768 1385 1853 quid
1441 1773 1635 1832 animo
1696 1777 1802 1833 aut
1851 1775 2050 1853 prosit
2103 1778 2208 1833 aut
2253 1779 2487 1847 noceat,
2537 1770 2644 1834 ἐὰν
2693 1770 2779 1845 μή

406 1901 504 1949 τις
567 1875 738 1957 τύχῃ
798 1876 931 1955 περὶ
997 1875 1106 1950 τὴν
1167 1877 1385 1956 ψυχὴν
1450 1874 1718 1954 ἰατρικὸς
1764 1873 1858 1939 ὤν.
1953 1875 2176 1960 Itaque
2221 1877 2271 1940 εἰ
2320 1876 2396 1940 σὺ
2440 1876 2783 1956 τυγχάνεις

410 1982 724 2061 ἐπισήμων
770 1981 845 2046 ὢν
893 1981 1156 2059 τούτων,
1210 1981 1503 2064 ἀσφαλές
1552 2006 1640 2047 σοι
1689 1983 1959 2049 ὠνεῖσθαι
2008 1983 2384 2061 μαθήματα.

500 2193 837 2278 Sequitur:
897 2193 949 2257 εἷ
1013 2192 1077 2257 δὲ
1129 2194 1255 2270 μή,
1306 2188 1411 2273 ὅρα
1438 2243 1455 2270 ,
1504 2189 1546 2258 ὦ
1593 2191 1906 2278 μακάριε,
1953 2193 2042 2271 μὴ
2091 2193 2223 2274 περὶ
2273 2203 2400 2266 τοῖς
2449 2192 2784 2286 Φιλτοέτοις

408 2301 673 2384 κυβεύῃς
732 2300 829 2388 [τε
876 2301 981 2364 καὶ
1032 2300 1421 2384 κινδυνεύῃς].
1467 2299 1798 2366 Praecedit
1842 2300 2110 2367 verbum
2159 2321 2299 2366 acre
2339 2322 2412 2368 ac
2447 2301 2787 2367 vehemens

409 2408 713 2490 κυβεύῃς,
780 2409 1067 2492 sequitur
1111 2407 1378 2472 verbum
1428 2408 1715 2472 eiusdem
1761 2411 2092 2492 potestatis
2138 2408 2247 2473 sed
2293 2408 2673 2495 languidum
2722 2419 2788 2472 et

410 2518 601 2582 iners.
662 2512 837 2580 Illud
893 2533 1111 2579 rarum
1168 2520 1232 2578 et
1295 2515 1687 2600 exquisitum
1709 2563 1726 2593 ,
1791 2514 1909 2581 hoc
1971 2514 2046 2581 de
2091 2515 2284 2581 trivio
2329 2521 2619 2581 sumtum
2670 2521 2781 2581 est.

410 2621 558 2689 Non
626 2621 717 2687 sic
788 2619 993 2686 solent
1061 2622 1209 2685 boni
1278 2624 1611 2705 scriptores
1686 2628 1750 2686 et
1811 2624 2097 2687 omnium
2163 2623 2432 2689 minime
2493 2642 2788 2688 summus

413 2728 725 2794 scribendi
784 2728 1011 2791 artifex
1058 2725 1265 2792 Plato.
1362 2727 1530 2808 Quid
1579 2724 1827 2792 multa?
1890 2726 2077 2793 Plato
2121 2730 2258 2814 ipse
2305 2729 2569 2809 κυβεύῃς
2618 2728 2790 2793 dixe-

412 2840 545 2911 rat,
596 2838 659 2899 et
702 2833 912 2897 nescio
960 2832 1102 2917 quis
1162 2835 1231 2897 in
1290 2837 1581 2923 margine
1650 2834 1988 2917 κινδυνεύῃς
2049 2834 2498 2921 adscripscrat:
2564 2835 2789 2901 deinde

414 2941 662 3007 factum
706 2942 804 3004 est
851 2938 1017 3024 quod
1065 2938 1315 3008 assolet.

503 3158 667 3247 Pag.
736 3157 867 3223 314
930 3179 1001 3225 a:
1073 3158 1247 3224 σιτία
1310 3159 1424 3237 μὲν
1488 3159 1613 3239 γὰρ
1678 3160 1783 3225 καὶ
1843 3159 2008 3225 ποτα
2057 3162 2385 3241 πριάμενον
2435 3161 2634 3248 [παρὰ
2681 3164 2786 3228 τοῦ

416 3266 701 3341 καπήλου
760 3264 866 3331 καὶ
929 3264 1190 3347 ἐμπόρου
1238 3272 1405 3333 recte
1452 3265 1692 3333 delevit
1737 3266 2072 3356 Hirschig]
2123 3267 2515 3337 ’‘ez-:ecTIN
2564 3269 2623 3332 ἐν
2674 3266 2787 3334 ἄλ·

415 3389 542 3444 λοις
614 3372 898 3451 ἀγγείοις
970 3372 1329 3454 ἀποφέρειν,
1405 3372 1509 3437 καὶ
1576 3373 1712 3453 πρὶν
1774 3370 2065 3449 δέξασθαι
2127 3374 2298 3439 αὐτὰ
2358 3376 2443 3447 εἷς
2493 3374 2562 3438 τὸ
2609 3380 2788 3451 σῶμα

420 3477 672 3563 [πιόντα
720 3480 753 3556 ἢ
803 3478 1137 3564 φαγόντα]
1188 3479 1605 3557 καταθέμενον
1643 3478 1850 3544 οἴκαδε
1891 3478 2149 3565 [ἕξεσιν]
2199 3480 2789 3560 συμβουλεύσασθαι

418 3583 954 3666 παρακαλέσαντα
994 3586 1097 3652 τὸν
1146 3588 1441 3653 ἐπαΐοντα
1490 3583 1553 3664 ό,
1604 3611 1665 3651 τι
1713 3611 1783 3651 τε
1831 3585 2062 3656 §esebon
2109 3587 2144 3662 ἢ
2195 3586 2406 3653 ποτέον
2457 3588 2560 3653 καὶ
2610 3584 2647 3652 ὅ
2663 3638 2680 3665 ,
2732 3612 2790 3653 τι

418 3694 506 3772 μή
534 3741 549 3770 ,
600 3692 704 3755 καὶ
766 3690 979 3757 ὃπόσον
1053 3694 1155 3757 καὶ
1231 3692 1430 3758 ὁπότε.
1510 3692 1678 3774 Quid
1740 3698 1949 3780 potest
2018 3714 2149 3760 esse
2218 3696 2530 3780 puerilius
2597 3717 2790 3780 quam

419 3798 710 3865 additum
758 3796 979 3863 πιόντα
1028 3800 1061 3875 ἢ
1110 3796 1460 3881 Φαγόνταῗ
1508 3802 1690 3885 quasi
1737 3820 1885 3868 vero
1933 3802 2075 3886 quis
2123 3800 2306 3867 aliter
2365 3805 2565 3887 possit
2621 3805 2793 3867 σιτία

420 3907 523 3972 καὶ
588 3904 754 3971 ποτα
816 3902 1107 3981 δέξασθαι
1155 3908 1241 3979 εἷς
1287 3905 1357 3972 τὸ
1407 3911 1613 3983 σῶμα.
1710 3905 1889 3987 Quod
1936 3906 2125 3973 Plato
2170 3911 2326 3975 scite
2373 3914 2436 3975 et
2481 3912 2793 3994 exquisite

421 4014 667 4079 dixerat
709 4010 1026 4077 insulsum
1074 4012 1391 4079 emblema
1439 4016 1808 4100 corrumpit.

512 4119 757 4185 Deinde
818 4117 1261 4205 expellendum
1324 4126 1419 4187 est
1472 4124 1702 4189 vitiose
1748 4124 2093 4207 repetitum
2132 4119 2345 4197 ἕξεσιν.
2440 4120 2546 4187 Sic
2592 4120 2794 4187 solent

426 4228 693 4292 orationi
754 4226 1011 4315 longius
1074 4228 1416 4314 productae
1481 4228 1684 4293 fulcra
1725 4226 1985 4294 inutilia
2033 4248 2400 4314 supponere.
2446 4226 2796 4294 Coniuncta

428 4336 575 4397 sunt
620 4332 814 4411 ἕξεσιν
860 4334 1192 4413 ἀποφέρειν
1240 4336 1343 4399 καὶ
1394 4335 1984 4413 συμβουλεύσασθαι
2035 4344 2100 4400 et
2143 4337 2210 4399 in
2257 4334 2476 4418 rapido
2499 4336 2798 4399 orationis

360 4463 367 4477 ·
427 4440 677 4523 Atticae
740 4440 1001 4507 flumine
1047 4440 1504 4529 permolestum
1550 4447 1646 4506 est
1693 4441 1862 4508 male
1909 4444 2254 4528 repetitum
2303 4437 2518 4519 ἔξεςιν.
