3369 5142
1314 1150 1850 1243 ATAKT'A.

1220 1403 1471 1485 scripsit
1514 1400 1585 1467 C.
1633 1401 1918 1509 1311an

1030 1510 1099 1571 in
1144 1505 1373 1571 litteris
1418 1506 1499 1572 ad
1543 1504 1858 1573 Cobetum
1904 1506 2069 1570 datie

1332 1795 1791 1837 “rw-*r*-

481 2093 561 2103 —
592 2092 674 2103 —
704 2093 786 2103 —
816 2092 897 2103 --
950 2054 1069 2119 Sed
1116 2076 1195 2119 ne
1244 2051 1616 2140 asymbolue
1662 2055 1910 2119 venisse
1971 2053 2219 2131 videar,
2268 2053 2478 2119 locum
2526 2056 2596 2117 in
2642 2052 2763 2118 De-

388 2160 718 2226 mosthene
782 2160 859 2225 de
922 2159 993 2225 F.
1049 2159 1123 2224 L.
1174 2162 1307 2225 sine
1353 2162 1543 2223 unius
1591 2159 1814 2224 literae
1859 2163 2208 2226 mutatione
2255 2166 2603 2225 correctum
2644 2160 2769 2224 tibi

390 2267 572 2331 dabo.
643 2266 715 2329 In
761 2286 910 2353 pag.
958 2262 1089 2329 3¹72
1136 2265 1289 2330 haec
1336 2263 1675 2352 leguntur:
1727 2268 1779 2329 εἰ
1819 2265 1945 2343 γὰρ
1987 2267 2020 2341 ἧ
2061 2266 2174 2343 μὲν
2216 2267 2409 2345 εἰρήνη
2449 2264 2765 2348 ἐγεγόνει,

390 2372 576 2449 μηδὲν
639 2370 692 2437 δ’
755 2368 955 2453 ῧςερον
1004 2368 1391 2445 ἐξηπάτησθε
1435 2372 1646 2449 ὑμεῖς,
1695 2370 1842 2447 μηδ’
1889 2372 2198 2436 ἀπολώλει
2245 2379 2361 2436 τῶν
2408 2371 2769 2451 συμμάχων

389 2478 636 2557 μηδείς,
712 2478 826 2543 τίν’
895 2474 1209 2557 ἀνθρώπων
1274 2478 1579 2551 ἐλύπησεν
1650 2475 1726 2543 ἂν
1803 2478 1863 2563 [ἦ
1931 2478 2157 2562 εἰρήνη]
2224 2477 2337 2554 ἔξω
2399 2483 2508 2543 τοῦ
2557 2476 2769 2553 ἄδοξος

393 2586 803 2664 γεγενῆσθαις
871 2582 1068 2648 καίτοι
1134 2582 1239 2648 καὶ
1302 2583 1517 2649 τούτου
1568 2584 1871 2657 συναίτιος
1920 2581 2089 2656 οὗτος
2136 2591 2424 2651 συνειπὼν
2475 2585 2772 2667 Φιλοκρά-

392 2715 508 2755 τει.
571 2690 720 2754 ἀλλ’
786 2689 1078 2764 οὶνηκεςόν
1139 2695 1205 2767 γ’
1266 2691 1432 2754 οὐδὲν
1496 2691 1571 2754 ἂν
1622 2684 1688 2763 ἦν
1736 2687 2013 2767 γεγονός.
2058 2695 2158 2755 νῦν
2202 2691 2260 2755 δ’
2309 2689 2479 2767 οἶμαι
2527 2698 2770 2757 πολλῶν

397 2797 589 2868 αἴτιος
655 2793 847 2867 οὗτος.
932 2795 1090 2860 Pars
1158 2798 1458 2862 orationis
1478 2843 1493 2874 ‚
1544 2798 1648 2860 cui
1694 2799 2031 2882 praecipua
2076 2799 2176 2862 vis
2221 2799 2425 2864 inesse
2472 2799 2772 2876 debebat,

398 2907 617 2988 utpote
679 2921 839 2986 quae
897 2902 1008 2974 τὴν
1060 2902 1357 2965 ἀντίθεσιν
1406 2901 1786 2985 contineret,
1834 2904 2097 2975 mirum,
2125 2909 2434 2988 quantum
2481 2904 2767 2992 languet.

397 3009 603 3095 Lege,
667 3012 768 3072 νῦν
830 3005 885 3071 δ’
951 3001 1125 3084 οἶμαι
1176 3008 1422 3084 πολλοὶ,
1470 3001 1543 3071 ὦν
1592 3007 1788 3078 αἴτιος
1836 3003 2026 3080 οὗτος.
2075 3007 2416 3094 Perperam
2463 3013 2772 3095 seriptum

397 3121 531 3180 erat
577 3113 767 3178 πόλλ’
816 3110 926 3190 ὧν,
975 3112 1140 3197 quod
1189 3113 1413 3178 deinde
1461 3117 1527 3178 in
1572 3121 1814 3208 πολλῶν
1869 3121 2238 3200 corruptum
2288 3123 2402 3181 est.

487 3325 650 3392 Ibid.
713 3346 862 3413 pag.
914 3323 1083 3390 349:
1133 3325 1237 3390 καὶ
1284 3324 1449 3390 οὐδὲν
1496 3323 1818 3398 ἐλάττονος
1870 3325 1903 3400 ἢ
1953 3327 2190 3392 τούτου.
2240 3325 2438 3392 Valde
2486 3325 2780 3412 displicet

398 3434 537 3508 καί,
598 3433 713 3497 ubi
772 3433 1033 3498 sibimet
1091 3433 1227 3516 ipse
1285 3430 1619 3517 respondet
1689 3435 2060 3516 quaerenti,
2135 3433 2409 3511 δευτέρου
2473 3433 2534 3497 δὲ
2582 3433 2774 3510 τίνος;

396 3537 813 3605 Scribendum
862 3541 1003 3602 κατ’
1052 3537 1217 3602 οὐδὲν
1266 3538 1591 3610 ἐλάττονος
1637 3537 1873 3601 τούτου.

489 3753 645 3840 Pag.
720 3750 873 3817 350.
941 3745 1082 3816 εἶτα
1140 3749 1243 3816 καὶ
1310 3749 1561 3822 Φωκέας
1620 3745 1982 3815 ἀπολώλεκε
2045 3751 2160 3828 μὲν
2207 3747 2378 3827 οἶμαι
2433 3753 2780 3832 Φίλιππος,

403 3859 889 3938 συνηγωνίσαντο
934 3857 988 3921 δ’
1034 3854 1211 3922 οὗτοι.
1260 3861 1460 3923 Τοῦτο
1506 3858 1577 3931 335
1630 3854 1727 3923 δεῖ
1756 3865 2007 3922 σκοπεῖν
2046 3858 2150 3922 καὶ
2184 3859 2323 3939 ὄροῖν
2347 3862 2396 3924 εἰ
2427 3899 2510 3908 -
2537 3857 2774 3926 ἅπαντ’

406 3969 741 4032 ἀπώλεσαν
813 3959 967 4029 οὗτοι
1038 3965 1165 4029 κτὲ.
1237 3962 1307 4029 Si
1374 3964 1503 4029 iam
1565 3984 1929 4029 concessum
1992 3971 2089 4030 eet
2147 3961 2238 4030 ὅτι
2289 3968 2777 4044 συνηγωνίσαντο

401 4069 557 4140 οὗτοι
578 4121 594 4151 ,
648 4072 835 4160 plane
882 4069 1112 4135 inutile
1159 4075 1254 4134 est
1300 4069 1369 4133 τὸ
1419 4077 1693 4135 σκοπεῖν.
1740 4069 1944 4156 Igitur
1990 4073 2476 4149 συνηγωνίσαντο
2522 4074 2575 4139 δ’
2624 4070 2782 4138 οὗτοι

402 4184 535 4246 sine
582 4179 717 4244 ulla
764 4178 961 4243 dubit·
988 4179 1159 4242 tione
1204 4176 1555 4242 inducenda
1598 4197 1837 4242 censeo.
1910 4175 2036 4243 Sed
2082 4185 2145 4243 et
2183 4174 2324 4243 εἶτα
2364 4180 2474 4244 καί
2519 4181 2777 4246 mendo-

402 4308 546 4351 sum
594 4290 708 4350 est.
801 4283 1095 4350 Primum
1141 4285 1433 4347 universe
1474 4287 1726 4366 monet,
1773 4303 1852 4347 ne
1899 4283 2134 4348 ideireo
2180 4284 2530 4370 proditores
2573 4285 2782 4351 absol-

404 4397 559 4458 vant
613 4392 763 4477 quia
820 4411 1019 4476 quum
1079 4390 1200 4473 ipsi
1260 4387 1549 4452 homines
1594 4387 1788 4452 nihili
1833 4388 2068 4454 fuerint
2119 4393 2254 4455 tam
2295 4411 2565 4478 magnae
2619 4390 2782 4457 cala-

408 4500 653 4564 mitatis
696 4502 981 4562 auctores
1029 4494 1223 4559 fuisse
1270 4515 1395 4558 non
1444 4495 1804 4579 potuerint:
1855 4493 2020 4558 illud
2067 4501 2318 4560 tantum
2357 4498 2783 4584 quaerendum
