3369 5142
1396 340 1820 402 anoYmDRS.
2710 327 2791 403 ’71

415 542 550 587 esse
617 524 916 587 existimo
983 522 1323 609 (expuncto
1394 518 1584 608 ὅμως)
1653 525 1948 605 φαίνεται
2022 525 2082 589 δὲ
2155 524 2257 588 καὶ
2333 520 2410 597 ὥς
2459 521 2791 603 ἐνδεεςέρα.

506 730 798 819 Thucyd.
860 732 909 797 I.
981 731 1084 797 12.
1150 732 1254 796 καὶ
1319 731 1570 806 στοὶσεις
1639 734 1700 797 ἐν
1745 742 1887 808 ταῖς
1938 736 2188 801 πόλεσιν
2236 738 2313 808 ὦς
2363 735 2462 799 ἐπὶ
2512 736 2578 799 τὸ
2630 734 2791 799 πολὺ

417 836 770 922 ἐγίγνοντο,
828 840 950 919 ἀφ’
1013 835 1088 903 ὧν
1136 840 1536 912 ἐκπίπτοντες
1586 840 1704 912 τὰς
1756 840 1960 913 πόλεις
2012 840 2262 923 ἔκτιζον.
2356 841 2505 907 Sine
2552 846 2796 907 contro-

412 946 623 1010 versia
686 940 761 1009 ὧν
819 944 898 1010 ad
958 942 1172 1017 τάσεις
1237 951 1332 1010 est
1377 945 1806 1023 referendum,
1858 948 1967 1012 sed
2014 950 2164 1032 quia
2212 952 2277 1012 et
2322 952 2549 1012 natura
2592 948 2683 1011 rei
2730 951 2795 1010 et

413 1048 664 1115 dicendi
726 1072 880 1116 usus
940 1050 1267 1137 postulant
1314 1052 1662 1129 ἐκπίπτων,
1712 1054 2117 1126 ἔκπεπτωκὼς
2168 1053 2281 1117 ὑπὸ
2330 1050 2568 1127 ςοὶσεως
2614 1054 2796 1119 resti-

414 1156 724 1221 tuendum
790 1162 886 1223 est
949 1159 1098 1239 ’Ὑφ’
1146 1152 1241 1222 ὧν.
1335 1156 1505 1232 Quid
1565 1156 1767 1223 lateat
1812 1160 1880 1223 in
1929 1168 2099 1223 TAC
2148 1158 2355 1232 πόλεις
2405 1156 2634 1240 ἔκτιζον
2682 1158 2795 1222 diu

411 1260 646 1328 frustra
706 1265 1026 1348 quaesivi:
1091 1284 1294 1349 neque
1357 1265 1529 1329 enim
1595 1262 2009 1329 Herwerdeni
2070 1266 2347 1351 suspicio
2410 1265 2525 1337 τὰς
2579 1261 2790 1335 ἄλλας

413 1369 624 1443 πόλεις
675 1370 1014 1449 satisfacit,
1063 1390 1265 1455 neque
1311 1368 1637 1457 Madvigii
1681 1369 1819 1443 νέας
1870 1370 2079 1444 πόλεις
2125 1374 2506 1457 reponentis.

505 1473 984 1562 comparandus
1046 1481 1141 1541 est
1200 1474 1378 1541 locus
1438 1474 1487 1539 I.
1551 1478 1613 1541 2.
1676 1476 1965 1555 δυνάμεις
2031 1478 2153 1542 τισὶ
2205 1475 2447 1557 μείζους
2497 1473 2795 1553 ἕγγιγνό·

412 1605 594 1660 μεναι
645 1580 856 1655 edum
907 1582 1241 1667 ἕνεποίουν,
1291 1578 1360 1657 ἐξ
1403 1576 1478 1645 ὧν
1527 1582 1893 1665 ἐφθείροντο.

503 1824 794 1911 Thucyd.
858 1825 910 1890 I.
977 1825 1082 1889 14.
1147 1825 1442 1907 <petiverat
1495 1825 1558 1889 δὲ
1605 1825 1711 1889 καὶ
1760 1830 1971 1890 ταῦτα
2020 1826 2134 1913 (τοὶ
2183 1829 2475 1912 ναυτικοὶ)
2526 1835 2796 1899 πολλαῖς

412 1938 658 2007 γενεαῖς
725 1928 911 2010 ὕςερα
976 1930 1279 2009 γενόμενα
1342 1937 1459 1995 τῶν
1507 1938 1789 2011 Τρωικῶν
1834 1933 2095 2014 τριήρεσι
2144 1936 2260 2009 μὲν
2305 1936 2593 2011 ὅλίγΛΙΟ
2638 1934 2794 2016 χρώ-

411 2059 614 2114 μενα,
665 2034 1148 2116 πεντηκοντόροις
1196 2038 1249 2101 δ’
1299 2033 1388 2101 ἔτι
1437 2036 1540 2101 καὶ
1594 2036 1823 2108 πλοίοις
1874 2046 2130 2117 μακροῖς
2180 2036 2577 2119 ἐξηρτυμένα.
2672 2036 2793 2103 Su-

411 2144 618 2227 spicor
664 2141 1109 2229 Thucydidem
1157 2144 1478 2228 scripsisse
1525 2144 1727 2221 ὄλίγΑ
1768 2144 2058 2223 χρώμενα
2078 2192 2095 2221 ,
2134 2166 2409 2229 namque
2446 2147 2541 2209 ita
2564 2142 2795 2211 Graeci

409 2250 480 2313 in
519 2248 636 2315 tali
673 2270 740 2314 re
783 2248 1202 2333 loquebantur
1240 2249 1478 2325 πολλοὶ,
1523 2249 1757 2326 πλείω,
1800 2250 1992 2327 ὀλίγα
2018 2252 2305 2330 χρῆσθαι.
2332 2248 2622 2336 Thucyd.
2651 2248 2701 2313 I.
2730 2248 2793 2315 3.

414 2354 702 2437 θαλάσση
764 2355 876 2430 ἤδη
941 2355 1192 2419 πλείω
1261 2355 1584 2435 χρώμενοι.
1678 2356 2034 2441 Xenophon
2096 2356 2339 2421 Hellen.
2405 2355 2509 2421 VI.
2561 2354 2626 2421 2.
2676 2354 2789 2422 2¹7.

409 2468 534 2534 τοῖς
607 2462 886 2533 ἀκατίοις
951 2461 1204 2538 ὀλίγα
1275 2462 1524 2541 ἐχρῆτο.
1625 2460 1900 2526 Librarii
1972 2464 2307 2548 antiquum
2377 2463 2667 2528 obtinent
2728 2466 2793 2527 et

407 2568 596 2645 ὀλίγα
644 2567 725 2634 ad
771 2567 1144 2654 praecedens
1191 2568 1484 2648 τριήρεσιν
1533 2566 2113 2634 accommodarunt.

499 2674 905 2761 Thucydides
962 2695 1088 2740 non
1149 2675 1346 2739 dixit:
1409 2675 1743 2738 triremibus
1803 2674 1871 2738 in
1927 2676 2114 2738 classe
2169 2677 2390 2759 paucis
2435 2675 2789 2753 utebantur,

408 2781 517 2848 sed
582 2804 720 2846 raro
789 2783 1167 2857 utebantur,
1241 2785 1483 2862 eoeiyum
1551 2788 1682 2845 erat
1748 2786 1813 2845 in
1879 2782 2159 2845 classibus
2228 2781 2555 2844 triremium
2625 2803 2789 2845 um.

405 2887 626 2972 Itaque
673 2887 863 2966 ὀλίγα
916 2886 1212 2969 ἐχρῶντο,
1262 2906 1385 2952 non
1431 2886 1701 2963 ὀλίγαις.
1750 2885 1857 2952 Sic
1909 2886 2189 2966 ἕλοὶχιςα
2238 2889 2501 2966 χρῆσθαι
2547 2884 2790 2973 legitur

405 2989 486 3058 Π.
552 2993 654 3058 11.
724 2991 774 3058 οἱ
833 2991 1115 3071 λογισμῷ
1166 2989 1450 3072 ε’λοὶχιςα
1495 2992 1795 3073 χρώμενοι
1845 2993 2009 3074 θυμῷ
2060 2999 2294 3060 πλεῖς-α
2346 2993 2403 3064 ἐς
2453 2992 2625 3071 ἔργον
2674 3017 2789 3056 κα·

409 3099 712 3167 θίςανται.
787 3103 851 3163 et
920 3097 992 3163 V.
1075 3095 1222 3162 105.
1295 3095 1770 3175 Λακεδαιμόνιοι
1832 3097 1978 3177 πρὸς
2043 3101 2217 3179 σφᾶς
2278 3099 2504 3170 αὐτοὺς
2551 3098 2655 3162 καὶ
2705 3097 2791 3163 τὰ

408 3207 712 3288 ἐπιχώρια
757 3204 993 3284 νόμιμα
1042 3213 1280 3272 πλεῒςα
1327 3204 1514 3286 ἀρετῇ
1561 3210 1851 3282 χρῶνται.

497 3449 787 3537 Thucyd.
837 3448 894 3514 Ι.
950 3447 1057 3514 15.
1115 3448 1302 3529 ίσχὺν
1349 3446 1411 3512 δὲ
1463 3447 1965 3526 περιεποιήσαντο
2012 3441 2175 3525 ὅμως
2224 3446 2329 3512 οὐκ
2378 3445 2686 3526 ἕλαχίςην
2732 3445 2787 3511 οί

406 3556 873 3636 πρΟΟΟχόντες
959 3557 1169 3627 αὐτοῖς
1251 3552 1594 3635 χρημάτων
1663 3576 1734 3616 τε
1807 3552 2073 3632 προσόδῳ
2141 3553 2245 3616 καὶ
2315 3551 2524 3618 ἄλλων
2593 3554 2783 3636 α’ρχῇ.

403 3661 857 3728 Valckenarius
901 3663 970 3726 in
1011 3659 1525 3727 annotationibus
1570 3659 1729 3724 Mss.
1775 3659 2117 3744 reponebat
2161 3657 2557 3740 προῦχοντες.

494 3903 785 3992 Thucyd.
857 3901 913 3968 I.
980 3902 1062 3973 17
1135 3901 1418 3982 ἐπράχθη
1483 3923 1555 3964 τε
1622 3899 1725 3964 ὑπ’
1790 3901 1990 3965 αὐτῶν
2058 3903 2202 3980 (τῶν
2246 3899 2570 3988 τυράννων)
2618 3901 2785 3967 οὐδὲν

405 4009 580 4092 ἔργον
648 4007 992 4087 ἀξιόλογον.
1045 4047 1126 4057 -
1178 4009 1228 4073 01
1300 4007 1426 4086 γὰρ
1501 4007 1561 4071 ἕν
1635 4009 1895 4089 Σικελίᾳ
1971 4006 2070 4070 ἐπὶ
2144 4015 2396 4077 πλεῖςον
2469 4009 2787 4091 ἐχώρησαν

404 4118 737 4194 δυνάμεως.
831 4113 1081 4180 Ultima
1141 4115 1364 4180 verba:
1416 4115 1466 4177 οἱ
1517 4111 1640 4192 γὰρ
1693 4151 1776 4162 -
1825 4113 2135 4190 δυνάμεως
2185 4112 2569 4179 Hei-werden
2614 4135 2790 4200 prae-

405 4229 594 4290 eunte
653 4223 948 4308 Kriigero
1009 4223 1336 4305 expunxit.
1437 4219 1599 4284 Sunt
1646 4239 1795 4284 sane
1842 4221 1931 4284 sic
1977 4221 2213 4303 scripta
2258 4218 2606 4284 admodum
2653 4240 2792 4284 mo-

407 4327 572 4394 lesta
617 4335 680 4394 et
725 4329 820 4394 nil
863 4329 1107 4395 faciunt
1153 4326 1232 4391 ad
1277 4347 1436 4391 rem.
1533 4325 1621 4390 At
1666 4331 1741 4390 tu
1786 4325 2091 4392 emenda:
2140 4332 2393 4390 ΜΟΝοι
2432 4323 2557 4404 γὰρ
2600 4333 2687 4388 01
2727 4325 2787 4388 ἕν

413 4433 674 4518 Σικελίᾳ
720 4435 987 4515 τύραννοι
1040 4433 1170 4498 κτὲ.
1225 4433 1601 4515 Ἰψαιιπίᾱεε
1645 4431 1713 4494 in
1764 4431 2044 4508 Graecia,
2098 4432 2327 4518 inquit,
2376 4437 2579 4496 tenues
2615 4441 2788 4499 erant
