3369 5142
1388 323 1509 382 rao
1556 319 1805 382 cmm.
2662 299 2796 379 225

504 503 812 592 Opposita
872 506 1039 572 inter
1100 527 1167 572 se
1229 509 1381 570 sunt
1438 505 1565 570 duo
1625 505 2029 570 testimonia:
2095 505 2154 568 si
2214 503 2526 571 mentitur
2571 500 2798 571 Clodia

412 632 641 679 verum
688 612 845 678 dicit
888 611 1200 679 Lucceius
1246 617 1311 677 et
1358 620 1594 677 contra.
1642 609 1818 676 Inter
1864 609 1989 675 duo
2036 611 2321 695 opposita
2361 611 2534 694 optio
2573 609 2794 675 datur:

410 719 761 784 mentitane
805 721 903 784 est
947 715 1214 785 Clodia?
1263 737 1341 783 an
1388 718 1702 782 mentitus
1748 721 1846 782 est
1881 711 2234 781 Lucceius?
2273 713 2468 780 Vobis
2485 762 2502 793 ‚
2545 717 2758 801 inquit
2778 763 2794 795 ‚

412 824 874 890 decernendum
945 829 1041 891 est
1100 829 1323 889 utrum
1384 823 1673 908 improba
1731 821 1971 888 femina
2033 822 2302 887 crimina
2361 820 2650 907 finxerit,
2715 843 2796 888 an

410 929 647 1015 probus
728 932 829 996 vir
904 935 1121 996 contra
1188 928 1568 1017 religionem
1637 929 2084 994 testimonium
2157 927 2412 994 dixerit.
2481 927 2656 1016 Ergo
2727 931 2794 993 in

409 1037 750 1122 postremis
806 1037 1066 1124 negatio
1120 1038 1495 1120 requiritur:
1570 1036 1858 1119 „sapiens
1903 1035 2393 1119 moderatusque
2438 1036 2542 1100 vir
2587 1033 2796 1101 irreli-

411 1143 588 1229 giose
646 1143 1089 1208 testimonium
1149 1141 1384 1207 dixisse
1440 1139 1799 1206 videatur.”
1860 1139 2011 1206 Post
2055 1156 2167 1205 vra
2209 1138 2374 1205 illud
2421 1157 2490 1205 112
2535 1138 2794 1205 excidit.

409 1245 505 1312 At
550 1245 939 1313 vocabulum
985 1246 1204 1314 Tacito
1256 1252 1321 1313 et
1368 1245 1800 1326 Quinctiliano
1849 1250 2231 1330 usurpatum
2271 1242 2648 1312 Tullianum
2669 1265 2796 1310 non

410 1356 526 1418 est.
621 1350 749 1420 Sed
812 1352 1025 1419 multa
1082 1358 1231 1418 sunt
1292 1349 1475 1429 ἅπαξ
1535 1351 1856 1433 εἰρημένα,
1909 1353 2143 1437 partim
2191 1352 2350 1416 satis
2400 1349 2591 1428 dura,
2635 1369 2798 1435 quae

411 1455 630 1524 Cicero
697 1460 996 1536 novavit,
1060 1457 1186 1526 alia
1244 1461 1381 1524 sine
1444 1457 1640 1523 dubio
1701 1461 1776 1522 ut
1839 1455 2041 1523 semel
2085 1476 2254 1520 nunc
2300 1455 2600 1544 legantur
2647 1475 2796 1522 casu

408 1565 646 1630 factum
717 1570 837 1631 est.
932 1563 1173 1650 Operae
1218 1567 1499 1650 pretium
1546 1563 1743 1647 foret,
1793 1564 1849 1628 si
1901 1583 2001 1628 res
2048 1564 2309 1627 omnino
2355 1561 2551 1627 dubia
2596 1565 2796 1646 esset,

412 1691 489 1735 ex
550 1668 735 1736 libris
796 1667 873 1736 de
929 1668 1287 1756 Republica
1347 1668 1660 1737 vocabula
1719 1666 2021 1755 colligere
2083 1687 2244 1752 quae
2297 1670 2582 1752 superior
2627 1673 2800 1732 aetas

412 1779 719 1860 tanquam
792 1775 1053 1841 barbara
1113 1779 1412 1842 notasset.
1506 1774 1584 1839 In
1627 1793 1757 1839 una
1801 1775 2039 1860 pagina
2084 1772 2166 1837 11.
2214 1770 2388 1839 7-9
2433 1775 2800 1840 invenimus

412 1881 825 1945 circumiectae
870 1880 1153 1967 (subet.)‚
1201 1883 1477 1957 orato-ie,
1526 1885 1666 1946 tum
1723 1879 2042 1965 (horresco
2087 1877 2386 1964 referens)
2418 1891 2797 1967 potentatus.

415 1985 790 2072 Indifferena
850 1990 915 2051 et
961 1986 1297 2052 indolentia
1346 1985 1531 2051 finxit
1575 1983 1798 2051 Cicero
1819 2036 1836 2060 ,
1887 1983 2056 2070 apud
2103 2004 2292 2069 quem
2341 2005 2538 2070 paene
2585 1985 2797 2052 solum

412 2089 613 2156 semel
654 2097 750 2156 est
793 2095 995 2158 animi
1028 2095 1285 2159 attentio
1325 2097 1391 2158 et
1426 2092 1846 2180 modificatio
1883 2095 1950 2156 et
1973 2093 2305 2157 anxietudo
2327 2096 2393 2156 et
2416 2093 2792 2170 sanctitudo,

416 2198 937 2264 inconsiderantia
994 2202 1060 2263 et
1102 2199 1553 2263 immoderatio.
1603 2196 1930 2278 Quaedam
1978 2217 2055 2261 ex
2099 2195 2205 2261 his
2247 2217 2373 2262 non
2418 2195 2794 2283 placuerunt

415 2304 676 2369 auribus
738 2302 1045 2369 Romanis
1104 2325 1221 2370 nec
1282 2306 1349 2370 in
1409 2302 1930 2370 consuetudinem
1992 2309 2247 2388 recepta
2289 2309 2463 2368 suut.
2555 2302 2682 2369 Sed
2727 2305 2795 2368 in

414 2407 749 2476 adiectivis
817 2415 882 2474 et
949 2409 1269 2476 adverbiis
1336 2408 1659 2496 negativis
1727 2407 1980 2474 facilius
2025 2413 2125 2474 est
2170 2429 2428 2476 causam
2477 2409 2760 2476 obtinere
2780 2455 2796 2488 ,

414 2519 606 2600 atque
666 2521 1017 2601 opportune
1078 2522 1455 2582 succurrunt
1516 2535 1678 2603 quae
1741 2517 2058 2603 congessit
2117 2512 2189 2581 O.
2254 2513 2324 2580 F.
2389 2513 2798 2583 Hermannus

413 2622 481 2687 iu
542 2619 865 2687 Vindiciis
925 2620 1295 2688 Latinitatis
1357 2623 1538 2707 epist.
1604 2622 1683 2686 ad
1746 2621 2018 2686 Brutum
2039 2668 2054 2697 ,
2105 2640 2261 2706 quas
2304 2641 2507 2707 nuper
2549 2621 2617 2686 in
2663 2642 2800 2687 me·

416 2726 685 2791 moriam
753 2728 1081 2794 revocavit
1149 2725 1427 2794 Cobetus
1496 2729 1565 2792 in
1633 2727 1753 2793 hac
1822 2726 2246 2813 Mnemosyne
2266 2778 2282 2800 .
2349 2722 2474 2792 'VII
2536 2748 2600 2812 p.
2665 2725 2799 2792 293

416 2832 726 2921 impolite,
786 2832 1068 2898 incallide
1085 2878 1103 2913 ‚
1146 2835 1468 2911 indiserte,
1516 2832 1958 2899 immortaliter
1972 2880 1990 2911 ,
2033 2832 2543 2899 insaturabiliter.
2595 2831 2792 2898 Plura

418 2939 614 3005 etiam
660 2936 921 3005 Ellendt
966 2938 1044 3004 ad
1092 2936 1199 3007 Or.
1245 2936 1327 3003 11.
1378 2938 1489 3005 22.

510 3042 617 3111 56.
668 3043 889 3125 „Quae
934 3043 1063 3110 fuit
1107 3046 1281 3109 enim
1326 3064 1515 3111 causa
1534 3090 1551 3123 ,
1594 3046 2008 3130 quamobrem
2048 3047 2160 3111 isti
2199 3044 2456 3112 mulieri
2483 3066 2800 3111 venenum

418 3149 567 3217 dare
612 3150 810 3216 vellet
856 3146 1155 3216 Caelius?
1201 3150 1299 3216 Ne
1345 3170 1574 3216 aurum
1620 3147 1948 3216 redderet?
1995 3171 2152 3215 num
2199 3149 2478 3235 petivit?
2541 3152 2600 3217 N
2604 3173 2639 3217 e
2687 3154 2804 3218 cri·

416 3276 565 3325 men
612 3252 937 3323 haereret?
982 3278 1141 3323 num
1189 3260 1331 3342 quis
1379 3257 1613 3323 obiecit
1623 3254 1690 3321 ?”

510 3360 767 3429 Nodum
832 3365 899 3428 in
970 3363 1173 3449 scirpo
1234 3362 1303 3428 h.
1328 3360 1374 3427 l.
1438 3364 1686 3446 quaerit
1749 3361 2088 3428 Ferratius.
2149 3362 2278 3429 Res
2323 3368 2422 3429 est
2465 3362 2806 3449 simplicis-

420 3470 613 3548 sima,
679 3468 872 3534 modo
932 3469 1129 3535 verba
1193 3469 1351 3535 bene
1398 3468 1924 3553 pronuntientur3
1977 3466 2056 3533 ad
2127 3466 2415 3557 singulas
2458 3468 2808 3559 interroga·

421 3574 625 3641 tiones
682 3573 853 3659 („Ne
916 3575 1186 3641 aurum”
1238 3612 1322 3623 —
1372 3578 1437 3639 et
1502 3594 1622 3652 „ne
1670 3573 1952 3639 crimen’'
2009 3574 2124 3659 -)
2173 3594 2286 3659 per
2333 3574 2492 3640 alias
2537 3578 2806 3642 iuterro-

420 3678 711 3767 gationes
780 3680 1209 3765 respondetur.
1274 3678 1457 3745 Nam
1510 3676 1782 3767 petivit?
1824 3704 1913 3745 ε..-
1947 3685 2014 3745 at
2059 3699 2246 3745 nemo
2266 3729 2283 3755 ,
2333 3679 2436 3748 vel
2481 3681 2694 3769 potius
2741 3686 2810 3749 at

422 3784 649 3852 Clodia
708 3806 832 3851 non
877 3788 1129 3872 petivit.
1202 3785 1351 3851 Non
1398 3786 1742 3872 apparebat
1790 3784 2088 3852 Clodiam
2135 3806 2457 3872 reposcere
2505 3786 2804 3855 voluisse.

430 3892 673 3959 Caelius
730 3893 785 3957 si
848 3896 993 3958 ante
1045 3894 1270 3980 petivit
1316 3897 1480 3958 esset
1526 3893 1888 3959 subiectum
1909 3939 1926 3971 ,
1976 3895 2190 3978 potius
2237 3891 2556 3981 legeretur
2605 3914 2806 3974 „num

424 3996 751 4085 accepit?”
814 3999 1035 4065 Franc.
1096 3999 1290 4065 habet
1348 4001 1488 4086 quie
1536 4002 1761 4089 petivit
1775 3998 1813 4063 ?
1852 4019 1976 4065 non
2025 3998 2225 4079 male,
2278 4000 2389 4067 sed
2436 4022 2513 4067 ex
2559 4023 2806 4069 correc-

424 4106 597 4172 tione
615 4155 637 4192 ,
696 4106 933 4193 opinor.
1020 4104 1273 4171 Crimen
1318 4110 1415 4171 est
1460 4102 1683 4170 Dionis
1729 4124 1972 4171 veneno
2020 4104 2276 4172 sublati.
2373 4106 2577 4173 Paulo
2625 4115 2808 4193 post:

429 4210 556 4291 „Et
616 4231 729 4278 vos
788 4232 913 4278 non
973 4211 1208 4278 videtis
1274 4210 1431 4298 fingi
1477 4212 1732 4277 sceleris
1777 4213 2050 4277 maximi
2099 4213 2342 4277 crimen
2392 4212 2460 4299 (i.
2487 4232 2541 4279 e.
2589 4213 2812 4281 Dionis

426 4316 663 4387 sublati
734 4321 811 4383 cf.
882 4316 969 4383 65
1046 4319 1351 4395 „maximi
1411 4316 1708 4383 facinoris
1769 4316 2103 4401 crimen’'),
2166 4322 2243 4383 ut
2299 4340 2484 4383 cauea
2547 4316 2812 4385 alterius

426 4424 679 4493 sceleris
718 4424 1103 4510 suscipiendi
1150 4426 1218 4511 (i.
1246 4445 1297 4489 e.
1350 4422 1820 4490 interficiendae
1866 4421 2154 4513 Clodiae)
2199 4424 2394 4491 fuisse
2427 4422 2808 4497 videatur?”
