3369 5142
634 309 763 376 186
1715 326 1956 378 mosao,

630 504 917 566 tamento
978 499 1165 585 plane
1228 497 1561 566 everterit!
1622 500 1687 565 N
1689 521 1770 566 on
1831 499 2152 565 intellexit
2213 500 2641 588 podagrosum
2687 499 3048 566 hominem

630 606 795 672 dum
845 606 1129 693 podagra
1175 604 1343 670 absit
1389 611 1560 672 recte
1609 605 1856 675 valere!

1508 835 1776 883 onnus
1823 834 2131 884 mousom.

1482 958 1561 1024 ad
1608 957 1842 1024 Famil.
1897 957 2063 1023 VIII.
2117 959 2180 1024 2.

732 1141 908 1206 Certe
926 1187 941 1215 ,
1010 1143 1252 1221 inquam
1272 1181 1289 1212 ,
1338 1135 1639 1199 absolutus
1687 1141 1810 1210 θείς
1857 1158 1947 1199 me
1984 1145 2293 1218 praesente
2325 1135 2786 1218 pronuntiatum
2829 1144 2920 1197 est
2965 1141 3036 1197 et

632 1245 866 1330 quidem
922 1245 1186 1307 omnibus
1244 1242 1549 1305 ordinibus
1568 1289 1585 1314 ,
1647 1242 1753 1305 ced
1807 1242 2060 1322 einyubis
2121 1243 2187 1304 in
2248 1263 2591 1326 unoquoque
2635 1241 2846 1305 ordine
2888 1262 3036 1303 cem.

632 1351 859 1415 tentiis.
956 1346 1269 1414 Graevius
1318 1347 1681 1412 annotavit:
1739 1349 1884 1424 „hoe
1928 1353 1984 1410 εἰ
2025 1348 2118 1410 ita
2163 1355 2251 1412 est
2295 1353 2548 1412 omnium
2594 1346 3027 1412 consentienti·-

634 1458 739 1520 bus
798 1455 1111 1542 suffrayiia
1172 1453 1475 1517 absolutus
1521 1453 1663 1516 eet.'’
1755 1452 2032 1518 Minime
2077 1453 2400 1519 intellexit
2443 1453 2572 1518 loci
2617 1454 3022 1518 sententiam.

635 1561 927 1627 Valerius
986 1558 1293 1625 Messalla
1358 1579 1503 1624 reus
1568 1558 1645 1622 de
1693 1558 1944 1624 ambitu
1993 1579 2192 1644 quum
2239 1560 2597 1625 manifestis
2643 1558 3025 1624 criminibus

636 1671 958 1733 teneretur
1019 1671 1270 1751 praeter
1316 1667 1605 1730 omnium
1654 1666 2154 1748 expectationem
2207 1666 2412 1730 tribus
2457 1666 2788 1730 sententiis
2834 1663 3021 1729 abso-

634 1773 813 1838 lutus
874 1779 989 1838 est.
1082 1771 1390 1856 Repetam
1455 1791 1591 1836 rem
1650 1769 1868 1855 paullo
1915 1771 2144 1854 altius,
2191 1776 2266 1835 ut
2313 1772 2512 1836 simul
2559 1771 2714 1836 duos
2761 1769 3022 1835 Asconii

637 1878 903 1944 Pediani
959 1879 1130 1943 locos
1190 1877 1546 1941 emendem.
1615 1875 1916 1940 Valerius
1979 1875 2279 1942 Messalla
2337 1898 2596 1943 causam
2641 1876 2810 1942 dixit
2855 1895 3018 1942 anno

638 1984 720 2049 51
789 2005 865 2049 ex
928 2003 1003 2048 ea
1063 1981 1209 2068 lege
1230 2031 1245 2059 ,
1316 2003 1509 2066 quam
1558 2001 1721 2046 anno
1767 1985 2086 2066 superiore
2137 1981 2276 2068 (52)
2325 1983 2668 2068 Pompeius
2713 1986 2782 2048 in
2827 1984 3018 2047 tertio

642 2091 974 2155 consulatu
1040 2087 1275 2152 tulerat
1334 2093 1410 2152 ut
1480 2088 1752 2170 „sortitio
1795 2089 1984 2170 fieret
2042 2089 2308 2153 iudicum
2355 2095 2535 2154 unius
2579 2101 2638 2154 et
2681 2094 2980 2170 octoqinta
2999 2133 3015 2165 ,

634 2197 740 2281 qui
804 2217 1080 2259 numerus
1126 2216 1253 2256 eum
1297 2200 1453 2257 rorte
1496 2194 1798 2276 obtiqieeet
1845 2195 1966 2276 ipsi
1997 2196 2284 2278 protinus
2327 2219 2548 2260 sessum
2593 2202 2778 2260 irent:
2826 2233 2906 2245 -
2961 2207 3022 2259 et

622 2303 805 2386 prius
870 2323 1041 2386 quam
1102 2305 1426 2364 tententiae
1461 2301 1785 2385 ferrentur
1831 2301 2042 2384 quinos
2088 2288 2160 2365 ea·
2202 2302 2458 2384 cinq-ulia
2492 2303 2804 2367 ordinibus
2849 2325 3019 2366 accu-

635 2415 829 2482 sator,
876 2408 1114 2471 totidem
1158 2428 1297 2469 rem
1342 2405 1616 2470 reiiceret
1636 2452 1653 2483 ,
1703 2407 1794 2470 ita
1837 2413 1903 2470 ut
1947 2429 2232 2472 numerus
2275 2411 2538 2472 iudicum
2583 2410 3020 2491 relinqueretur

634 2513 740 2600 qui
801 2517 1129 2577 sententiae
1172 2513 1429 2597 ferrent
1488 2511 1927 2597 quinquaqinta
1991 2522 2046 2578 et
2091 2514 2328 2579 unius?
2419 2517 2645 2582 Ascon.
2697 2515 3020 2581 Pedianus

636 2619 716 2685 ad
774 2619 1192 2685 Milonianam
1241 2638 1388 2705 pag.
1438 2616 1525 2681 40
1572 2638 1665 2703 sq.
1719 2618 1912 2685 Orell.
1973 2618 2072 2685 Ex
2117 2620 2391 2709 sing-ulis
2437 2623 2768 2689 ordinibus
2811 2624 3022 2710 igitur

634 2724 821 2791 XVII
870 2724 1113 2790 iudices
1160 2726 1503 2788 sententias
1550 2724 1837 2790 ferebant
1885 2724 1998 2809 (17
2028 2730 2102 2801 ><
2131 2728 2170 2791 3
2197 2747 2270 2783 =
2301 2728 2434 2813 51).
2499 2728 2845 2795 Messalam
2889 2730 3016 2815 igi-

632 2838 741 2895 tur
824 2830 1233 2895 absolverunt
1318 2834 1635 2894 senatores
1705 2830 1800 2894 IX
1817 2876 1835 2907 ,
1909 2835 2154 2916 equites
2221 2834 2494 2899 Romani
2563 2836 2666 2900 IX
2683 2885 2702 2919 ,
2775 2837 3021 2901 tribuni

636 2940 863 3003 aerarii
918 2936 1048 3020 IX;
1110 2934 1612 3001 condemnarunt
1672 2957 1748 3001 ex
1811 2938 2086 3024 singulis
2131 2941 2460 3007 ordinibus
2507 2941 2697 3007 VIII.
2792 2942 3018 3027 Itaque

634 3042 962 3107 absolutus
1020 3046 1116 3106 est
1178 3042 1444 3104 omnibus
1502 3042 1812 3107 ordinibus
1873 3051 1931 3107 et
1989 3046 2244 3127 sinqulis
2300 3054 2366 3110 in
2427 3071 2768 3134 unoquoque
2811 3051 3020 3113 ordine

634 3148 977 3232 sententiis,
1046 3152 1119 3211 ut
1166 3152 1231 3212 et
1278 3145 1613 3213 Senatores
1658 3153 1724 3213 et
1769 3148 2034 3233 Equites
2079 3156 2146 3216 et
2189 3153 2430 3219 tribuni
2478 3176 2604 3221 uno
2649 3154 2864 3241 plures
2909 3156 3018 3220 ab·

634 3254 941 3321 solverint
1000 3273 1195 3339 quam
1242 3253 1739 3319 condemnarint.
1837 3254 2008 3343 Ergo
2056 3258 2264 3322 tribus
2311 3262 2643 3326 sententiis
2689 3262 3019 3327 absolutus

634 3367 754 3427 est.
852 3361 1025 3427 Fieri
1079 3359 1148 3424 id
1208 3380 1331 3424 non
1386 3364 1635 3443 poterat
1680 3362 1808 3425 nisi
1853 3364 1943 3427 sic
1987 3369 2064 3428 ut
2107 3366 2176 3428 in
2221 3386 2598 3451 unoquoque
2643 3368 2860 3433 ordine
2903 3388 3020 3453 par

499 3510 501 3513 >
634 3473 801 3533 esset
858 3466 1147 3531 iudicum
1208 3486 1514 3531 numerus
1534 3514 1551 3549 ,
1600 3465 1668 3531 id
1717 3468 1881 3551 quod
1929 3489 2008 3533 ex
2053 3472 2192 3555 ipsa
2235 3472 2514 3537 naturali
2559 3475 2882 3559 aequitate
2923 3476 3022 3537 in-

628 3573 973 3659 telligitur.
1067 3570 1237 3635 Hinc
1298 3571 1638 3637 manifesto
1705 3572 2071 3659 colligimus
2127 3576 2286 3643 duos
2343 3576 2605 3644 Asconii
2659 3579 2832 3645 locos
2889 3599 3021 3644 cor-

628 3686 852 3764 ruptos
924 3697 1057 3741 esse
1126 3681 1192 3741 et
1252 3676 1451 3741 simul
1510 3697 1635 3760 quo
1700 3683 1886 3761 pacto
1947 3686 2214 3765 uterque
2277 3686 2344 3747 in
2389 3685 2717 3771 integrum
2763 3685 3017 3749 restitui

631 3786 855 3870 possit.
906 3783 1067 3869 Pag.
1114 3780 1199 3847 53
1240 3781 1688 3847 scribendum:
1737 3793 2076 3866 „senatores
2111 3790 2640 3855 condemnaverunt
2674 3791 2768 3855 XI
2795 3790 3020 3876 (vulgo

630 3889 821 3975 XII),
870 3889 1245 3969 absolverunt
1292 3886 1415 3971 V1;
1467 3888 1690 3971 equites
1728 3892 2186 3955 condemnarunt
2224 3894 2432 3971 XIII,
2461 3896 2834 3961 absolverunt
2857 3895 3015 3973 11113

632 3996 864 4062 tribuni
914 3994 1142 4058 aerarii
1189 3995 1654 4057 condemnarunt
1701 3992 1895 4058 XIIII
1938 3996 2161 4083 (vulgo
2201 3999 2425 4085 XIII),
2468 4002 2844 4066 absobverunt
2867 4000 3019 4065 111.”

630 4108 697 4169 et
758 4123 909 4189 pag.
976 4100 1063 4165 54
1124 4099 1566 4165 scribendum:
1638 4101 2064 4177 „obtinuerunt
2123 4112 2190 4167 ut
2248 4123 2378 4170 mu
2424 4108 2715 4171 sententia
2761 4108 3015 4172 absolve·

633 4221 823 4274 retur.
902 4207 1438 4275 Condemnavmmt
1476 4216 1776 4270 senatores
1822 4208 1923 4272 IX
1973 4208 2198 4297 (vulgo
2241 4210 2364 4297 X),
2411 4214 2786 4277 absalom-‘emt
2832 4212 2980 4277 VIII
2995 4234 3012 4289 3

628 4318 1158 4381 condemnaverunt
1217 4311 1471 4395 Equites
1533 4312 1795 4377 Romani
1862 4312 2045 4379 VIIII
2063 4364 2080 4398 ,
2143 4318 2520 4383 absolverunt
2567 4318 2717 4383 VIII
2732 4339 2748 4397 3
2798 4320 2906 4383 sed
2949 4340 3018 4381 ex

629 4422 889 4487 tribuni-5
950 4417 1208 4483 aerariis
1253 4417 1321 4481 X
1366 4418 1744 4482 absolverunt
1761 4466 1777 4495 ‚
1827 4418 1962 4484 VII
2013 4421 2237 4509 (vulgo
2283 4423 2396 4509 VI)
2441 4422 3016 4489 condemnaverunt?
