3369 5142
616 344 745 411 412
1602 368 1984 417 FRAGMENTA

610 540 923 605 terodami
982 541 1369 623 experientia
1430 540 1716 626 quotidie
1777 540 2241 625 comprobatur.
2347 538 2707 607 Meinekius
2765 548 2980 608 autem

608 644 893 731 lepidum
949 646 1161 711 locum
1210 648 1299 711 sic
1348 648 1579 713 edidit:

1018 750 1166 819 ὅταν
1212 750 1497 835 ἔενισθῇς
1548 756 1608 817 ἐν
1656 753 1834 819 πόλει
1879 754 2022 833 πρὸς
2070 753 2173 819 τὸν
2220 753 2404 833 Φίλον

1014 859 1074 923 ἐν
1120 867 1261 930 ταῖς
1311 868 1629 940 περισσαῒς
1686 860 1791 925 καὶ
1840 869 2101 932 πυκναῖς
2148 860 2459 945 ὁμιλίαις,

1012 966 1118 1029 ἐὰν
1162 966 1431 1044 asyle-av
1476 966 1503 1030 ό
1551 966 1797 1048 Φίλος
1845 957 1928 1039 ἢν
1975 966 2134 1047 λέγῃ
2183 966 2383 1043 πόλιν,

1011 1072 1084 1136 σὺ
1134 1072 1243 1146 τὴν
1288 1078 1550 1138 σεαυτοῦ
1598 1074 1871 1154 πατρίδα
1917 1076 2006 1150 μὴ
2052 1072 2327 1151 σύγκριν’
2379 1074 2512 1138 ἐπεὶ

1006 1176 1269 1258 ἐχθροὺς
1322 1184 1554 1244 ποιοῦσι
1602 1179 1744 1251 τοὺς
1791 1180 2014 1260 φίλους
2064 1180 2132 1245 αἱ
2181 1182 2552 1260 συγκρίσεις.

598 1286 671 1351 In
739 1289 1051 1370 scriptura
1120 1286 1559 1351 constituenda
1626 1288 1732 1351 hic
1795 1288 2106 1371 quaedam
2167 1288 2445 1352 nimium
2505 1289 2746 1353 incerta
2804 1293 2972 1352 sunt.

600 1394 821 1458 Primo
868 1413 1055 1459 versu
1102 1390 1467 1457 Meinekius
1515 1395 1803 1457 coniicit:
1853 1390 1896 1457 ὦ
1945 1396 2062 1457 τῶν
2107 1390 2438 1471 ξενισθείς,
2494 1394 2660 1478 quod
2699 1396 2974 1479 speciem

598 1500 808 1564 habet.
896 1498 1006 1563 Vs.
1078 1497 1117 1563 3
1179 1519 1523 1584 pronomen
1588 1489 1651 1571 ἣν
1673 1550 1689 1574 ,
1757 1500 1921 1584 quod
1981 1500 2307 1565 comoedia
2361 1503 2630 1585 respuit,
2681 1501 2974 1565 additum

598 1606 727 1670 fuit
790 1627 827 1671 a
888 1603 1146 1683 Groti03
1213 1606 1379 1669 mihi
1442 1607 1468 1671 ὅ
1536 1605 1719 1686 φίλος
1781 1626 2107 1691 perperam
2171 1606 2624 1692 interpolatum
2681 1608 2973 1690 videtur,

600 1734 749 1778 nam
812 1712 985 1777 amici
1044 1732 1274 1777 nomen
1328 1718 1471 1796 post
1520 1734 1777 1777 versum
1825 1715 2106 1797 primum
2159 1713 2496 1800 cogitando
2543 1712 2730 1778 facile
2775 1733 2973 1777 unus-

603 1822 867 1906 quisque
934 1816 1271 1903 supplebit.
1368 1818 1814 1883 Poterimusne
1875 1818 2328 1883 verosimiliter
2387 1839 2752 1902 recuperare
2816 1840 2976 1903 quae

600 1927 828 1991 desunt
886 1926 952 1990 in
1016 1926 1225 1989 hisce:
1294 1923 1402 1989 ἐὰν
1459 1926 1729 2001 mrtem
1795 1924 1955 2005 λέγῃ
2000 1923 2220 1989 πόλινῖ
2287 1924 2682 2002 Poterimus,
2733 1928 2970 2010 opinor.

602 2032 769 2113 Quid
832 2031 989 2096 latet
1038 2031 1155 2095 sub
1202 2038 1657 2095 ΜΕΓΙΣΤΗΝ
1709 2039 1962 2094 ΛΕΓΗΙ
2013 2028 2333 2096 ΠΟΛΙΝῩ
2425 2030 2658 2115 Sponte
2703 2052 2838 2097 sese
2885 2032 2973 2097 of-

596 2139 721 2203 fert
764 2136 987 2203 lectio:

1041 2243 1149 2309 ἕᾶν
1196 2242 1463 2321 {asyle-nv
1514 2242 1782 2328 (τήνδε
1831 2244 1994 2327 τὴν)
2041 2242 2219 2308 πόλιν
2265 2244 2493 2327 λέγῃ.

597 2353 840 2418 Notum
891 2355 985 2415 est
1032 2350 1182 2434 quid
1230 2351 1316 2413 sit
1364 2348 1464 2423 ἥδε
1514 2351 1548 2423 ἡ
1599 2350 1812 2426 πόλις,
1865 2349 1966 2425 ἥδε
2011 2350 2044 2424 ἡ
2092 2348 2400 2415 θάλασσα
2449 2356 2514 2416 ct
2553 2354 2663 2436 qui
2703 2352 2771 2416 id
2809 2352 2968 2417 forte

600 2461 923 2533 nesciunt,
987 2457 1157 2522 adire
1212 2463 1507 2541 poterunt
1554 2456 1882 2543 Wyttenb.
1930 2460 1998 2520 in
2045 2456 2308 2522 Selectis
2357 2456 2462 2523 Pr.
2503 2458 2675 2524 Hist.
2724 2479 2780 2543 p.
2837 2456 2965 2521 345

597 2573 660 2632 et
702 2563 1199 2630 Stallbaumium
1248 2564 1328 2630 ad
1376 2563 1663 2631 Platonis
1711 2562 2022 2651 Gorgiam
2071 2587 2132 2650 p.
2186 2562 2316 2630 468
2355 2564 2428 2630 E.

685 2673 806 2760 Pg.
862 2671 947 2736 42
999 2672 1161 2736 Mk.:
1212 2666 1321 2749 ἄρ’
1372 2671 1461 2739 ἐς)
1510 2679 1634 2744 τοῖς
1684 2675 1914 2735 νοσοῦσι
1962 2671 2266 2750 χρήσιμος
2314 2672 2552 2750 λόγος.,

598 2779 807 2844 multo
853 2776 1111 2843 malim:
1160 2775 1433 2857 σφόδρ’
1483 2776 1625 2844 ἐςί.
1675 2777 1750 2840 Ρ.
1803 2775 1923 2841 46:

957 2883 1107 2948 αλλ’
1157 2886 1216 2947 ἐν
1268 2883 1465 2964 Σάμῳ
1512 2883 1656 2959 μὲν
1705 2889 1836 2948 τοῦ
1888 2881 2122 2948 λιθίνου
2171 2881 2318 2964 ζῴου
2367 2887 2516 2950 ποτὲ

960 2987 1276 3070 ἄνθρωπος
1324 2987 1563 3068 ἠράσθη
1613 3014 1741 3066 τις,
1791 2985 1905 3054 εἶτ’
1951 2991 2012 3062 ἐς
2059 2991 2164 3054 τὸν
2213 2991 2349 3054 νεὼν

956 3096 1349 3163 κατέκλεισεν
1396 3096 1599 3162 αὑτόν.
1622 3145 1637 3174 ,

592 3206 936 3294 legendum
983 3203 1283 3283 μέντοι.
1336 3202 1461 3290 Pg.
1517 3201 1640 3268 55:

1040 3314 1131 3383 ὦς
1177 3308 1451 3386 κρεῖττόν
1498 3311 1589 3377 ε’ςι
1638 3309 1937 3374 δεσπότου
1983 3315 2214 3390 χρηςοῦ
2261 3317 2479 3390 τυχεῖν

1047 3416 1080 3492 ἢ
1130 3415 1235 3497 ζῆν
1281 3423 1581 3489 ταπεινῶς
1630 3415 1734 3481 καὶ
1783 3425 1984 3489 κακῶς
2037 3413 2408 3502 ἕλεύθερον.,

590 3525 823 3590 dicitur
866 3525 1021 3600 hoc,
1069 3522 1192 3588 nisi
1240 3521 1447 3598 fallor,
1494 3536 1637 3587 πολ
1658 3523 1690 3587 ὺ
1743 3531 2034 3603 κρεῖττον.
2087 3523 2208 3611 Pg.
2261 3521 2378 3590 56:

998 3629 1189 3693 αἰτῶ
1238 3629 1290 3693 δ’
1342 3627 1583 3706 ὑγίειαν
1631 3636 1898 3714 πρῶτον,
1947 3626 2059 3695 εἶτ’
2105 3629 2503 3708 εὐπραξίαν.,

591 3736 946 3825 elegantius
986 3737 1108 3800 erit
1155 3733 1239 3800 αἵ
1252 3760 1390 3800 τει.
1441 3735 1611 3802 Fieri
1658 3757 1783 3801 non
1829 3741 2036 3821 potest
2080 3743 2154 3801 ut
2198 3757 2426 3801 verum
2467 3741 2552 3802 sit
2597 3760 2659 3823 p.
2712 3737 2826 3804 58:

923 3840 1243 3919 σαπρὰν
1293 3849 1566 3920 γυναῖκα
1610 3841 1666 3907 δ’
1724 3843 1750 3907 ὅ
1801 3841 2014 3921 τρόπος
2067 3825 2371 3922 εὔμορφον
2417 3852 2607 3921 ποιεῖ,

592 3971 739 4017 nam
784 3953 952 4015 recte
996 3951 1304 4034 praecipit
1347 3949 1754 4035 Phrynichus
1801 3971 1863 4034 p.
1914 3946 2045 4015 377
2095 3947 2285 4015 Lob.:
2335 3949 2681 4030 σαπροέν·
2724 3954 2774 4016 οἱ
2815 3967 2963 4016 πολ-

591 4058 685 4123 λοὶ
750 4055 887 4120 ἄντ’)
953 4057 1058 4119 τοῦ
1120 4054 1498 4135 αἰσχράν.
1574 4054 1738 4118 Θέων
1802 4055 1992 4136 φησὶν
2057 4055 2083 4118 ὂ
2147 4055 2591 4133 γραμματικὸς
2650 4056 2961 4137 εὑρηκέναι

594 4163 765 4244 παρα
830 4157 1229 4254 Φερειιράτει,
1292 4167 1515 4237 ληρῶν·
1566 4158 1830 4224 ἅπαντα
1871 4161 1995 4240 γὰρ
2037 4158 2079 4228 ἃ
2130 4161 2298 4242 φέρει
2346 4163 2654 4243 μαρτύρια
2705 4163 2802 4228 ἐπὶ
2853 4170 2960 4228 τοῦ

594 4275 865 4335 παλαιοῦ
930 4268 1034 4332 καὶ
1098 4266 1549 4340 σεσηπότος
1615 4266 1868 4340 κείμενα
1935 4268 2078 4336 ε’ςιν.
2189 4267 2361 4333 Hinc
2421 4269 2850 4354 Hermippus:
2917 4267 2958 4335 ὦ

590 4375 807 4456 σαπρὰ
866 4375 971 4439 καὶ
1037 4371 1377 4452 πασιπόρνη
1448 4373 1551 4437 καὶ
1618 4374 1930 4453 κάπραινα
1995 4375 2162 4460 apud
2224 4373 2467 4440 Polluc.
2535 4374 2665 4439 VII
2715 4376 2846 4442 202
2897 4387 2960 4442 et

592 4481 807 4551 vetula
876 4487 1132 4561 σαπρὰ,
1207 4481 1408 4566 nigris
1479 4478 1859 4580 dignissima
1929 4481 2162 4558 barris,
2235 4501 2588 4566 numquam
2653 4482 2956 4565 εὔμορφος
