3369 5142
667 242 798 323 138
1628 272 2051 331 wnoornnms.

660 444 728 510 id
775 446 990 533 aliquo
1034 454 1539 536 temperamento
1585 451 1887 518 lenivisse
1936 456 1999 517 et
2035 454 2131 518 ita
2169 451 2437 517 dixisse:
2477 450 2645 531 ἡμᾶς
2686 450 3033 527 ἅδικηθῆνα

662 562 751 619 TI
799 554 834 631 ἢ
886 554 1130 631 δικαίως
1175 558 1308 623 κτὲ.
1407 556 1687 642 Sequens
1734 565 1787 621 H
1837 558 2151 623 absorbsit
2197 558 2575 644 praecedens
2624 567 2736 623 TI.

752 763 1042 852 Thucyd.
1092 764 1206 831 ΙΙΙ.
1257 765 1361 831 48.
1416 764 1480 831 2.
1521 762 1646 838 ὄςις
1691 765 1818 846 γαρ
1859 762 1925 829 εὖ
1966 766 2337 842 βουλεύεται
2380 766 2523 847 πρὸς
2561 768 2700 839 τοὺς
2742 768 3046 836 ἐναντίους

661 871 946 950 κρείσσων
1015 872 1139 941 {clv
1203 871 1238 948 ἣ
1301 873 1446 948 μετ’
1509 871 1699 951 ἔργων
1761 873 1976 951 ἰσχύος
2042 873 2213 954 ἀνοίᾳ
2280 872 2481 937 ἐπιών.
2575 872 2719 938 Non
2782 872 2858 938 de
2918 891 3047 937 uno

659 976 922 1042 homine
969 978 1126 1043 haec
1166 978 1468 1043 dicuntur
1513 977 1622 1043 sed
1670 976 1749 1043 de
1796 976 2045 1043 duobus
2086 984 2314 1043 natura
2362 984 2425 1043 et
2462 980 2720 1065 ingenio
2760 977 3047 1043 diversis.

662 1081 884 1167 ltaque
933 1082 1396 1168 supplendum:
1447 1082 1482 1158 ἢ
1532 1085 1608 1147 Ὁ
1657 1084 1805 1161 μετ’
1853 1082 2042 1161 ἔργων
2087 1083 2303 1163 ἰσχύος
2350 1084 2524 1167 ἀνοία
2574 1084 2773 1149 ἐπιών.

756 1290 1048 1378 Thucyd.
1120 1290 1234 1357 111.
1301 1291 1416 1359 49.
1481 1276 1542 1358 3.
1615 1291 1861 1371 ἐγένετο
1922 1293 2153 1369 σπουδὴ
2217 1298 2323 1358 τοῦ
2390 1298 2549 1359 πλοῦ
2613 1292 2869 1367 τοιαύτη
2933 1289 3048 1362 ὥςε

663 1400 861 1475 ἤσθιον
902 1392 1044 1475 ἅμα
1094 1398 1472 1471 ἐλαύνοντες.
1523 1398 1899 1487 Legendum
1946 1405 2043 1464 est
2087 1399 2392 1473 τοΟαύτη.

754 1606 1047 1695 Thucyd.
1108 1608 1234 1672 III.
1305 1607 1410 1673 51.
1462 1606 1528 1673 2.
1595 1608 1654 1680 ἐς
1707 1608 2221 1684 Πελοποννησίους
2267 1605 2429 1683 ὅπως
2478 1611 2567 1686 μη
2617 1615 2904 1674 ποιῶνται
2952 1606 3051 1673 ἔκ-

663 1728 857 1787 πλους
921 1711 1176 1779 αὐτόθεν
1237 1713 1636 1785 λανθάνοντες
1702 1716 1946 1795 τριήρων
2010 1710 2125 1781 οἷον
2185 1716 2288 1779 καὶ
2337 1714 2408 1780 τὸ
2457 1724 2654 1781 ΠΡΙΝ
2707 1716 3049 1794 γενόμενον.

663 1818 791 1885 Pro
857 1820 992 1900 πρίν
1057 1819 1524 1886 emendandum
1580 1818 1810 1902 πρῴηνε
1860 1843 2049 1905 nuper
2096 1822 2263 1885 enim
2311 1821 2380 1885 id
2426 1820 2669 1887 factum
2718 1825 2853 1887 erat
2902 1821 3049 1885 vide

669 1922 758 1990 H.
811 1924 920 1991 93.
971 1931 1034 1992 et
1087 1925 1222 2005 πρίν
1269 1925 1348 1990 de
1393 1924 1681 2013 longiore
1724 1928 2033 2012 temporis
2078 1926 2417 1993 intervallo
2462 1929 2753 2013 usurpari
2798 1925 2979 1993 solet.

755 2134 1046 2221 Thucyd.
1109 2134 1234 2201 III.
1287 2133 1394 2199 52.
1454 2143 1785 2212 Πλαταιῆς
1836 2134 2031 2203 οὐκέτι
2054 2134 2328 2216 ’ἔχοντες
2376 2146 2542 2203 σῖτον
2590 2144 2702 2201 OT
2710 2144 2823 2199 ΔΕ
2870 2133 3048 2200 δυνοὶ·

663 2263 833 2320 μενοι
897 2241 1339 2319 πολιορκεῖσθαι
1402 2238 1752 2318 ξυνέβησαν
1808 2251 1931 2315 τοῖς
1978 2244 2495 2316 Πελοποννησίοις.
2590 2241 2767 2307 Haec
2812 2244 2905 2305 ita
2953 2240 3047 2304 di-

664 2353 897 2412 cuntur
957 2348 1140 2432 quasi
1201 2344 1437 2431 duplex
1496 2354 1664 2412 esset
1726 2367 1920 2413 cansa
1978 2369 2093 2413 cur
2138 2348 2525 2415 deditionem
2574 2348 2872 2429 fecerint,
2920 2365 3045 2410 non

662 2451 938 2538 simplex
999 2457 1063 2517 et
1126 2471 1274 2517 una.
1371 2452 1746 2547 Abiicienda
1806 2459 1956 2518 sunt
2016 2454 2209 2519 verba
2268 2455 2399 2518 οὐδὲ
2447 2452 2762 2531 δυνάμενοι
2814 2465 3048 2529 πολιορ-

663 2560 920 2626 κεῖσθαι.
1013 2556 1208 2624 Visne
1267 2560 1428 2625 scire
1486 2558 1656 2625 unde
1702 2558 1829 2625 huc
1873 2556 2203 2627 venerint?
2248 2557 2497 2645 Inspice
2543 2558 2655 2624 lib.
2703 2556 2785 2623 ΙΙ.
2838 2556 2945 2626 70.
2992 2557 3044 2622 οἱ

660 2664 1104 2733 Ποτειδαιοῖται
1167 2666 1373 2741 ἐπειδὴ
1423 2666 1622 2731 οὐκέτι
1671 2665 1953 2732 ἐδύναντο
1998 2665 2484 2746 πολιορκούμενοι
2532 2663 2821 2751 ἀντέχειν
2865 2663 3041 2729 ἀλλὰ

664 2809 746 2823 -—
795 2772 826 2838 ὃ
875 2780 1040 2846 σῖτος
1089 2771 1499 2837 ἐπελελοίπει.

749 2876 910 2942 Post
952 2897 1158 2963 pauca
1198 2878 1549 2944 rectissime
1587 2876 1975 2944 Herwerden
2009 2877 2375 2945 emendavit
2412 2875 2553 2950 τοὺς
2592 2876 3041 2942 οἱδικοῦΝΤΛΟ

656 2980 936 3063 κολάζειν
983 3003 1098 3070 pro
1143 2984 1284 3056 τοὺς
1329 2982 1664 3049 οὶδίκΟΤΟ.

746 3190 1039 3279 Thucyd.
1110 3193 1234 3258 III.
1303 3190 1408 3257 52.
1477 3190 1539 3258 3.
1615 3195 1676 3258 ἐν
1739 3189 1855 3274 ὅσῳ
1902 3194 1953 3260 οἱ
2002 3194 2070 3257 ἐκ
2117 3201 2228 3267 τῆς
2277 3192 2738 3271 Λακεδαίμονος
2785 3194 3033 3262 δικαςαὶ

657 3333 744 3348 ·-
789 3297 1109 3380 ἀφίκοντο.
1175 3297 1463 3363 ἐλθόντων
1518 3297 1580 3363 δὲ
1633 3300 1891 3384 [αὐτῶν]
1938 3297 2283 3376 κατηγορία
2333 3335 2415 3348 -
2466 3299 2779 3378 προύτέθη.
2874 3299 3035 3366 Boni

653 3407 990 3489 scriptores
1054 3408 1122 3470 in
1169 3405 1410 3470 talibus
1454 3403 1836 3491 languidum
1886 3411 1951 3470 et
1995 3406 2163 3470 iners
2208 3411 2273 3470 et
2317 3405 2547 3471 inutile
2591 3408 2791 3470 αὐτῶν
2842 3408 3035 3473 omit-

653 3517 786 3576 tere
833 3510 1072 3586 solent,
1122 3511 1232 3577 sed
1278 3509 1635 3597 magistelli
1681 3509 1903 3576 sedulo
1948 3509 2292 3575 inferciunt
2336 3510 2413 3575 de
2460 3531 2591 3576 suo,

742 3717 1030 3804 Thucyd.
1094 3717 1218 3782 IH.
1269 3717 1376 3784 52.
1425 3719 1488 3784 4.
1555 3718 1787 3798 ἠρώτων
1836 3719 1888 3783 δ’
1936 3718 2158 3818 αὐτοὺς
2207 3724 2489 3785 τοσοῦτον
2545 3719 2789 3810 [μόνον].
2838 3722 3032 3789 Athe-

649 3825 897 3891 nienses
942 3825 1012 3888 in
1059 3844 1132 3889 ea
1174 3823 1496 3890 locutione
1541 3823 1721 3900 μόνον
1768 3827 2065 3890 omittere
2111 3823 2335 3891 solent.

741 4032 1033 4121 Thucyd.
1097 4035 1224 4099 III.
1273 4033 1376 4097 53.
1429 4032 1492 4097 2.
1553 4035 2103 4112 ΠΡΟκατηγορίας
2152 4059 2227 4104 τε
2272 4038 2439 4112 ἡμῶν
2487 4039 2552 4102 οὐ
2604 4047 3031 4117 ΠΡΟγεγενη-

647 4139 835 4220 μένης
893 4135 931 4221 ᾖ
989 4139 1113 4219 χρὴ
1177 4140 1507 4202 οὲντειπεῒν.
1605 4138 1980 4225 Legendum
2046 4142 2472 4222 Κατηγορίας,
2524 4149 2599 4208 ut
2644 4165 2779 4230 cap.
2831 4145 2916 4210 52
2966 4148 3024 4209 4.

648 4246 936 4314 ἐλθόντων
983 4245 1044 4308 δὲ
1085 4243 1428 4321 κατηγορία
1476 4244 1588 4320 μὲν
1637 4245 1893 4322 οὐδεμία
1941 4249 2260 4327 προύτέθη.
2314 4247 2501 4314 Vides
2547 4250 2713 4316 unde
2759 4252 3031 4318 molesta

649 4352 1030 4442 praepositio
1077 4350 1451 4415 adhaeserit.
