3369 5142
1417 339 1538 398 ruo
1584 337 1832 396 canno.
2704 311 2839 396 '223

438 513 654 604 polata
674 521 799 586 ista
819 525 977 605 puto
1000 521 1211 606 primo
1235 525 1491 608 propter
1513 520 1864 606 asyndeton
1882 567 1899 598 ,
1928 519 2096 604 quod
2118 518 2526 607 glossematis
2549 519 2831 604 speciem

438 625 669 702 habet,
729 631 872 691 tum
933 634 1189 713 propter
1245 630 1483 703 inanis,
1548 646 1674 691 non
1740 625 1911 690 enim
1973 624 2314 691 elevandae
2359 625 2480 690 hoc
2525 623 2664 691 loco
2711 647 2827 692 nec

440 730 632 795 nihili
667 732 1031 816 pendendae
1072 740 1252 800 erant
1288 733 1651 818 voluptates
1671 779 1690 809 ,
1737 733 1970 817 quibus
2015 752 2164 797 cum
2211 730 2644 797 adulescentes
2689 753 2828 798 suc·

444 835 842 914 cubuissent,
910 845 1163 922 possent
1209 841 1462 905 veniam
1510 840 1847 922 consequi,
1897 837 2166 923 denique
2211 843 2467 923 propter
2513 846 2832 902 construc-

440 943 711 1007 tionem:
766 945 919 1008 darc
962 944 1205 1031 aliquid
1246 947 1332 1010 ad
1373 946 1509 1010 sine
1554 943 1932 1032 gerundivo.
1997 943 2238 1008 Damus
2303 957 2543 1031 tempus
2606 947 2832 1012 studiis

442 1055 554 1114 aut
592 1051 679 1114 ad
714 1051 924 1114 studia
963 1051 1277 1116 recolenda
1313 1050 1422 1115 sed
1445 1070 1571 1115 non
1594 1053 1681 1114 ad
1701 1051 1910 1115 studia
1920 1074 1944 1126 ;
1972 1052 2548 1135 monitus-quisque
2572 1052 2823 1116 sentiet.

532 1154 677 1220 Non
750 1174 1009 1239 possum
1072 1176 1223 1221 cum
1288 1153 1526 1221 Orellio
1587 1156 1828 1232 dicere,
1895 1174 2001 1219 me
2063 1175 2188 1220 non
2249 1155 2502 1221 haerere
2571 1157 2638 1219 in
2715 1156 2834 1220 hac

442 1259 712 1326 lectione
760 1263 795 1345 ς
843 1261 929 1325 44
985 1262 1190 1346 „quod
1236 1261 1497 1346 quidem
1546 1263 1783 1327 vitium
1824 1262 2068 1327 ventris
2114 1266 2180 1326 et
2225 1262 2558 1347 yurqitis.”
2657 1261 2826 1327 Nam

443 1387 681 1455 gurges
728 1387 853 1432 non
900 1374 1025 1444 est,
1081 1373 1155 1432 ut
1201 1374 1458 1452 venter,
1505 1388 1650 1452 pars
1698 1369 1977 1453 corporis
2022 1366 2328 1446 humani,
2368 1389 2483 1435 nec
2527 1367 2832 1433 translate

444 1471 767 1561 significat
836 1475 1245 1540 voracitatem
1269 1522 1284 1551 ,
1358 1473 1467 1540 sed
1536 1495 1812 1538 voracem
1831 1522 1847 1550 ,
1920 1493 2034 1538 nec
2103 1473 2180 1537 de
2249 1477 2510 1560 gurgite
2573 1475 2831 1538 alicuius

446 1601 725 1666 unquam
792 1599 999 1645 sermo
1062 1586 1193 1664 est,
1249 1579 1360 1645 sed
1406 1579 1597 1644 homo
1644 1579 1951 1666 prodigus
1998 1583 2096 1644 est
2141 1581 2271 1666 ipse
2317 1600 2556 1667 gurges
2601 1585 2678 1646 ut
2732 1579 2828 1658 „0

442 1685 639 1751 Publi
660 1733 675 1762 ,
737 1706 775 1750 o
837 1706 1105 1773 gurges,
1173 1683 1470 1762 Galloni,
1533 1705 1599 1751 es
1656 1686 1850 1749 homo
1899 1686 2159 1752 miser.”
2206 1684 2530 1750 Nimirum
2577 1706 2832 1770 eompa-

442 1797 623 1855 ratur
683 1790 877 1856 homo
939 1811 1087 1855 cum
1151 1789 1283 1856 alto
1344 1790 1609 1855 flumine
1674 1789 1780 1855 vel
1839 1797 2032 1875 puteo
2077 1792 2144 1854 in
2192 1811 2316 1876 quo
2363 1793 2579 1857 omnia
2625 1793 2834 1858 absor-

442 1896 672 1960 bentur
721 1901 785 1960 et
835 1903 1236 1962 evanescunt.
1309 1895 1531 1980 ltaque
1579 1896 1702 1960 hoc
1751 1894 2086 1980 copulatur
2129 1917 2277 1960 cum
2325 1921 2586 1982 vor-ayo.-
2641 1919 2830 1985 „gur-

442 2022 555 2089 ges
610 2007 673 2066 et
721 2022 958 2089 vorago
1005 2003 1409 2088 patrimonii”
1460 2001 1649 2087 (Sest.
1704 2000 1884 2086 111).
1939 2001 2260 2078 „Lucium
2307 2003 2570 2068 fratrem
2636 2024 2828 2088 quem

441 2105 801 2195 gurgitem!
878 2129 1070 2194 quam
1140 2105 1593 2195 voragineml”
1664 2105 1865 2186 (Phil.
1931 2106 2048 2173 XI.
2122 2107 2252 2192 10).
2327 2106 2563 2174 Contra
2609 2108 2826 2176 Plaut.

441 2209 625 2298 Gapt.
700 2210 863 2277 465:
955 2217 1105 2291 „ita
1180 2220 1405 2280 venter
1466 2225 1804 2300 qutturque
1875 2213 2154 2280 resident
2220 2214 2524 2280 esui-iales
2593 2215 2828 2283 ferias”

439 2316 659 2384 Iuven.
708 2317 789 2383 11.
851 2318 978 2383 114
1029 2322 1293 2407 „magni
1340 2322 1625 2406 gutturis
1665 2318 2074 2404 exemplum”
2111 2320 2188 2386 de
2227 2320 2484 2386 homine
2524 2325 2633 2406 qui
2676 2343 2830 2388 voce

442 2423 634 2489 valet.
693 2422 988 2490 Guttam
1032 2425 1228 2490 habet
1274 2445 1439 2489 unus
1486 2430 1742 2490 tantum
1785 2422 2179 2490 Coloniensis
2227 2427 2395 2511 apud
2443 2425 2824 2505 Halmium,

443 2551 589 2595 cum
640 2529 1012 2597 Tullianum
1060 2533 1277 2617 potius
1322 2533 1409 2595 sit
1451 2531 1649 2617 qulae.
1700 2530 1822 2597 Sed
1865 2553 2088 2618 yurqes
2135 2532 2214 2597 de
2251 2532 2543 2599 faucibus
2581 2533 2830 2600 dictum

442 2657 575 2703 esse
622 2635 780 2702 olim
800 2686 815 2711 ,
864 2640 1149 2724 suspicor
1194 2658 1271 2703 ex
1312 2637 1600 2723 qurqulio
1646 2636 1831 2703 illinc
1877 2638 2213 2705 manifeste
2261 2638 2450 2703 ducto
2495 2644 2561 2703 et
2613 2640 2830 2723 inquo·-

435 2746 639 2829 9itare
694 2764 785 2819 ee,
849 2745 917 2807 in
980 2743 1211 2828 quibus
1278 2746 1389 2809 vix
1448 2742 1723 2830 figurata
1769 2741 2156 2831 significatio
2201 2746 2400 2809 statui
2448 2750 2675 2829 potest.
2725 2742 2823 2812 Gf.

442 2846 661 2915 Germ.
724 2848 1017 2915 Schlund.
1081 2847 1384 2914 Proxima
1428 2849 1826 2936 paragrapho
1879 2869 2124 2937 „genus
2175 2852 2514 2927 orationis,
2567 2850 2832 2917 faculta-

440 2961 612 3033 tem,
668 2957 914 3040 copiam
966 2956 1425 3021 sententiarum
1476 2960 1666 3039 atque
1713 2955 2088 3021 verborum”
2128 2955 2386 3021 offendit
2424 2977 2530 3021 me
2557 2956 2836 3043 factdta-

439 3073 561 3125 tem
628 3060 797 3126 nude
866 3062 1184 3146 positum,
1247 3066 1311 3127 et
1374 3058 1539 3125 exile
1601 3058 1768 3127 illud
1827 3084 2039 3145 qenus.
2101 3061 2426 3128 Fortasse:
2489 3062 2834 3167 {orationis

440 3165 851 3243 facultatem,
903 3168 1149 3251 copiam
1190 3168 1647 3231 sententiarum
1692 3174 1882 3251 atque
1920 3166 2306 3233 verborum”
2347 3168 2585 3236 omisso
2619 3190 2830 3254 ymas,

440 3271 609 3357 quod
656 3270 980 3358 supplevit
1029 3272 1261 3359 aliquis
1309 3292 1457 3337 cum
1495 3272 1868 3357 facultatem
1916 3272 1997 3337 sd
2041 3276 2283 3361 copiam
2325 3279 2607 3341 tractum
2649 3280 2833 3339 esset.

438 3376 681 3444 Notum
744 3384 842 3444 est
902 3381 1099 3445 etiam
1162 3374 1528 3445 Ciceronem
1587 3400 1779 3462 qenus
1826 3379 2126 3444 orationis
2175 3372 2546 3446 Caelianum
2594 3381 2833 3465 impro-

445 3483 639 3548 basse.
734 3483 867 3549 Nec
915 3489 1219 3569 tanquam
1269 3486 1425 3549 artis
1470 3486 1940 3549 existimatores
1985 3484 2205 3550 sedent
2249 3486 2510 3550 iudices.

533 3586 975 3655 Ratiocinatur
1036 3586 1255 3655 Cicero
1317 3590 1356 3672 g
1406 3586 1491 3654 49
1556 3594 1621 3653 et
1686 3588 1772 3653 50
1835 3592 1962 3654 sic:
2028 3593 2082 3656 si
2129 3590 2352 3655 Clodia
2401 3596 2498 3659 est
2541 3594 2795 3677 impura
2822 3640 2838 3673 ,

442 3694 583 3779 ipsa
628 3694 969 3777 impuritas
1016 3695 1095 3760 ad
1140 3694 1604 3761 defendendum
1654 3693 1948 3765 Caelium
1997 3698 2302 3780 pertinet:
2358 3700 2416 3762 si
2475 3703 2572 3765 est
2634 3699 2829 3784 proba

443 3798 717 3881 mulier,
779 3798 952 3865 nihil·
1008 3804 1193 3886 turpe
1253 3804 1392 3867 eius
1458 3800 1866 3867 familiaritas
1926 3798 2144 3868 Caelio
2208 3802 2418 3869 habet.
2512 3803 2704 3871 Prius
2751 3810 2826 3870 ut

444 3904 833 3971 demonstret
856 3952 873 3981 ,
938 3908 1175 3971 omisso
1243 3909 1501 3973 nomine
1574 3904 1837 3975 Clodiae
1909 3907 2214 3974 describit
2281 3908 2622 3976 mulierem
2694 3913 2833 3977 eius

442 4010 629 4098 plane
686 4009 972 4077 similem
995 4059 1014 4089 ,
1076 4031 1236 4098 quae
1296 4018 1499 4099 nupta
1560 4018 1657 4079 cst
1719 4020 1832 4079 aut
1879 4014 2038 4091 fuit,
2090 4013 2312 4080 eadem
2358 4036 2482 4081 non
2529 4019 2834 4083 meretrix

444 4122 701 4183 tantum
748 4117 859 4183 sed
906 4120 1115 4184 virosa
1163 4124 1227 4183 et
1272 4139 1504 4204 procax
1520 4140 1538 4196 ς
1595 4140 1784 4197 „cum
1834 4120 1952 4185 hac
1997 4123 2050 4186 si
2101 4122 2212 4205 qui
2257 4120 2623 4187 adulescens
2669 4123 2832 4189 forte

443 4222 672 4299 fuerit,
735 4232 961 4289 utrum
1016 4225 1123 4289 hic
1187 4226 1307 4291 tibi
1369 4225 1621 4291 adulter
1684 4246 1764 4291 an
1827 4230 2074 4292 amator
2135 4222 2466 4291 videtur?''
2555 4222 2734 4293 Haeo
2781 4229 2838 4291 si

444 4348 593 4394 vere
638 4332 961 4407 enarravi,
1010 4332 1301 4417 sequitur
1348 4336 1422 4395 ut
1466 4354 1591 4397 non
1639 4336 1786 4397 ante
1831 4344 2032 4419 nupta
2080 4334 2166 4396 sit
2211 4330 2682 4397 omittendum:
2737 4333 2838 4409 „si

447 4454 607 4519 quae
644 4442 843 4523 nupta
881 4435 1118 4503 mulier
1155 4437 1419 4505 domum
1466 4456 1651 4503 suam
1691 4439 2060 4525 patefecerit
2099 4438 2394 4503 omnium
2435 4436 2836 4525 cupiditati.”
