3369 5142
1329 354 1750 405 wnucYmnns.
2603 332 2726 401 441

348 523 719 612 significant
780 530 854 589 ut
917 524 1199 588 ἀπειλεῖν
1265 524 1752 602 διαπειλεῖσθαι,
1804 528 1961 604 βοᾶν
2010 526 2418 603 διαβοᾶσθαι,
2471 522 2734 601 τοξεύειν

352 630 810 707 διατοξεύεσθαι
861 635 925 695 et
970 628 1099 695 alia
1140 635 1464 706 sexcenta,
1508 652 1666 715 quae
1705 636 1918 697 omnia
1959 638 2204 717 praeter
2241 632 2535 697 διαπίνειν
2558 630 2738 694 verbi

352 739 555 801 medii
599 738 871 802 formam
920 742 1251 800 assumunt
1295 744 1358 800 et
1398 736 1487 800 sic
1528 758 1603 801 ex
1645 739 2000 803 κινδυνεύειν
2046 737 2588 803 διακινδυνεύεσθαι
2629 755 2736 799 na-

356 844 578 906 scitur.
648 842 873 925 Itaque
913 839 1066 904 haec
1101 845 1197 903 est
1240 841 1575 907 verborum
1602 846 1947 908 sententia:
1973 850 2162 909 satim
2185 868 2304 909 esse
2326 844 2450 908 rati
2474 842 2741 926 utrisque

354 955 616 1011 nostrum
676 970 794 1009 non
862 952 927 1007 in
992 946 1127 1008 alea
1186 946 1446 1009 ineunda
1484 952 1730 1011 audacia
1775 956 1831 1013 et
1863 951 2207 1031 pertinacia
2253 951 2412 1013 inter
2457 970 2561 1011 nos
2607 968 2740 1009 con-

356 1056 614 1137 tendere,
654 1071 767 1118 nos
808 1050 988 1124 εἵπως
1033 1048 1397 1134 διαφύγοιεν
1436 1053 1485 1117 οἱ
1532 1051 1762 1134 ἄνδρες,
1807 1076 1922 1120 vos
1959 1054 2141 1129 εἴπως
2183 1050 2739 1134 ἐκπολιορκηθέντες

353 1162 712 1243 χειρωθεῖεν.

450 1266 567 1331 Est
628 1265 898 1350 denique
964 1286 1187 1350 operae
1250 1269 1531 1349 pretium
1593 1271 1662 1333 in
1714 1267 1986 1334 Scholiis
2035 1269 2115 1333 ad
2159 1269 2330 1334 hunc
2375 1268 2592 1333 locum
2638 1264 2744 1329 ob-

364 1394 613 1439 servare
663 1392 855 1456 quam
906 1370 1110 1447 leves,
1162 1392 1355 1455 quam
1402 1372 1677 1458 pueriles
1725 1378 1852 1439 sint
1893 1373 2423 1449 Scholiastarum‚
2471 1389 2744 1456 quorum

360 1484 607 1566 praeter
676 1479 935 1541 nomina
1004 1476 1164 1540 nihi]
1237 1481 1565 1555 novimus,
1641 1481 2219 1555 animadversiones
2265 1484 2331 1543 et
2376 1478 2747 1561 interpreta-

362 1588 583 1651 tiones.
679 1581 825 1647 Non
896 1587 1078 1664 sunt,
1152 1582 1373 1666 credo,
1446 1584 1712 1648 obscura
1782 1586 1974 1651 verba
2041 1584 2435 1671 Thucydidis
2496 1579 2744 1658 ἄμεινον

364 1688 687 1768 ἡγούμενοι
764 1688 1134 1766 ἀμφοτέροις
1206 1689 1291 1763 μη
1365 1686 1940 1764 διακινδυνεύεσθαι,
2008 1695 2082 1753 ut
2144 1710 2281 1774 cap.
2331 1686 2439 1752 20.
2490 1689 2636 1764 ἡμῖν
2684 1684 2747 1749 δὲ

364 1801 563 1867 καλῶς
591 1844 609 1877 ,
677 1792 845 1871 εἴπερ
893 1794 1079 1877 ποτέ,
1130 1790 1263 1874 ἔχει
1306 1795 1675 1871 ἀμφοτέροις
1731 1797 1762 1869 ἡ
1812 1792 2210 1870 ξυναλλαγῆ.
2265 1795 2622 1859 Annotatur
2668 1791 2748 1856 ad

366 1923 499 1988 cap.
581 1900 683 1965 19.
758 1898 1167 1979 ὥμφοτέροιςε
1243 1902 1387 1977 ἡμῖν
1450 1900 1555 1964 καὶ
1629 1902 1810 1977 ὑμῖν,
1859 1902 1936 1972 ὥς
1977 1897 2328 1971 ’Ἃντυλλός
2376 1904 2600 1977 φησιν,
2647 1895 2746 1961 ἵνα

369 2008 582 2073 δοκῶσι
654 2003 1127 2081 Λακεδαιμόνιοι
1199 2005 1303 2068 καὶ
1368 2010 1474 2070 τοῦ
1539 2012 1655 2070 τῶν
1703 2006 2036 2078 Ἀθηναίων
2083 2006 2454 2084 προνοεῖσθαι
2503 2002 2748 2083 συμφέ-

368 2138 583 2194 ροντος.
679 2112 845 2176 Satis
898 2109 1067 2176 levia
1127 2116 1192 2176 et
1256 2114 1471 2177 tenuia
1518 2113 1671 2177 haec
1719 2133 1852 2177 esse
1900 2115 2117 2197 putes,
2168 2112 2276 2175 sed
2316 2130 2466 2175 vera
2511 2116 2747 2174 tamen.

370 2220 583 2285 Aliter
652 2219 860 2282 visum
925 2205 1351 2302 Scholiastae,
1416 2220 1525 2302 qui
1591 2217 1864 2282 addidit:
1931 2217 1964 2290 ἢ
2015 2215 2525 2296 ἀμφοτέροις
2572 2213 2746 2290 λέγει

371 2328 445 2391 ἐν
514 2324 1017 2403 ἀμφοτέροις
1085 2323 1119 2397 ἢ
1183 2323 1520 2405 διαφυγεῖν
1567 2323 1707 2397 τοὺς
1756 2321 1976 2404 ἄνδρας
2024 2322 2058 2397 ἦ
2112 2323 2666 2401 ἐκπολιορκηθῆναι,
2717 2317 2746 2384 ὃ

372 2433 501 2498 καὶ
571 2434 892 2509 μᾶλλον
962 2426 1176 2501 εἰκός
1248 2430 1440 2496 ἐςιν.
1536 2430 1729 2496 Haud
1799 2429 1936 2495 vidi
1991 2431 2222 2517 magis.
2275 2428 2453 2507 Quod
2501 2428 2751 2493 homini

370 2544 616 2618 μᾶλλον
665 2536 821 2608 εἰκός
870 2557 1003 2602 esse
1048 2536 1302 2602 videtur
1349 2537 1688 2602 manifesto
1728 2542 1975 2624 pugnat
2013 2538 2076 2600 et
2117 2555 2264 2600 cum
2289 2532 2413 2600 loci
2437 2535 2750 2600 sententia

370 2654 434 2713 et
480 2667 629 2712 cum
666 2643 965 2730 loquendi
1012 2663 1151 2706 usu.

460 2856 752 2943 Thucyd.
800 2853 909 2918 IV.
960 2851 1065 2918 19.
1115 2831 1205 2918 2.·
1230 2852 1337 2918 ἐὰν
1382 2853 1880 2930 οἷνταμυνόμενός
1930 2876 2022 2925 τις
2067 2851 2172 2916 καὶ
2216 2851 2635 2932 ἐπικρατήσας
2660 2856 2744 2918 τοὶ

370 2963 563 3028 πλείω
621 2966 727 3027 τοῦ
789 2961 1087 3036 πολεμίου
1155 2959 1328 3044 (libri
1392 2979 1609 3026 omnes
1675 2957 1974 3044 πολέμου)
2043 2959 2186 3022 κατ’
2229 2956 2510 3036 ἀνάγκην
2558 2955 2744 3040 ὅρκοις

371 3065 972 3149 ἕγκαταλαμβοὶνων
1035 3068 1121 3142 μη
1181 3065 1304 3130 ozor&
1350 3069 1457 3129 τοῦ
1506 3067 1635 3131 ἴσου
1679 3063 1922 3146 ξυμβῇ.
2021 3061 2394 3129 Coniunctis
2430 3063 2748 3151 Kruegeri

374 3184 437 3242 et
494 3173 905 3240 Herwerdeni
968 3171 1455 3236 correctionibus
1498 3172 1675 3236 locus
1723 3175 2092 3256 persanatus
2139 3171 2260 3233 erit
2307 3172 2398 3234 sic
2441 3170 2748 3254 scriptus:

375 3283 481 3346 ἐὰν
554 3276 967 3356 Ἀμυνόμενός
1032 3301 1125 3348 τις
1194 3277 1609 3354 ἐπικρατήσας
1676 3275 1976 3364 (Krueg.)
2037 3275 2124 3337 τα
2169 3272 2360 3337 πλείω
2411 3283 2598 3338 TON
2647 3300 2750 3340 πο-

372 3389 643 3465 λέμιΟΝ
692 3381 1065 3470 (Herwerd.)
1116 3384 1259 3446 κατ’
1296 3380 1579 3460 ἀνάγκην
1630 3377 1818 3461 ὅρκοις
1865 3378 2400 3457 Καταλαμβάνων
2452 3379 2745 3468 (Krueg.)

372 3495 460 3570 μὴ
504 3495 629 3558 ἀπὸ
676 3497 781 3558 τοῦ
829 3487 958 3556 ἴσου
1007 3487 1246 3568 ξυμβῇ.

466 3699 754 3786 Thucyd.
820 3699 933 3764 IV.
994 3699 1094 3763 19.
1144 3695 1466 3777 πεφύκασι
1512 3703 1637 3767 τοῖς
1687 3697 1802 3772 μὲν
1851 3695 2180 3760 {novo-loc
2228 3697 2487 3763 ἐνδοῦσιν
2527 3701 2748 3777 ἀνθησ-

375 3806 600 3869 σᾶσθαι
663 3806 799 3880 μεθ’
865 3804 1103 3882 ἡδονῆς,
1156 3803 1297 3882 πρὸς
1346 3803 1407 3867 δὲ
1469 3802 1552 3867 τὰ
1607 3803 2078 3882 ὑπεραυχοῦντα
2122 3801 2226 3865 καὶ
2278 3804 2451 3885 παρὰ
2499 3806 2748 3884 γνώμην

373 3911 851 3977 διακινδυνεύειν.
945 3909 1341 3994 Thucydidis
1402 3929 1626 3973 manus
1689 3915 1938 3973 servata
1988 3916 2084 3976 est
2128 3911 2194 3973 in
2237 3909 2513 3976 Bekkeri
2552 3915 2748 3978 Auec-

370 4023 523 4081 dotis
590 4038 737 4104 pag.
814 4012 963 4079 126.
1042 4013 1103 4077 1.
1176 4021 1300 4084 τοῖς
1334 4015 1475 4096 ,μὲν
1534 4013 1806 4078 ἓκοῦσῙΝ
1869 4014 2145 4080 ἐνδοῦσιν.
2212 4011 2307 4079 Cf.
2355 4014 2474 4080 ΠῙ.
2521 4015 2628 4082 39.
2682 4016 2744 4084 ’7.

371 4127 420 4188 εἰ
473 4163 555 4174 -
605 4131 731 4192 τοῖς
796 4121 1114 4186 ἑκοῦσιν
1176 4121 1452 4186 οὶποςᾶσι
1515 4119 1633 4191 τὰς
1697 4119 1898 4191 αὐτας
1945 4119 2167 4199 ζημίας
2219 4119 2584 4199 προθήσετε,
2633 4125 2748 4190 ubi

368 4229 724 4296 Scholiasta
803 4229 1286 4312 interpretatur:
1369 4232 1493 4297 τοῖς
1569 4225 1848 4298 ἑκουσίως
1917 4228 2245 4294 oin-ocimu.
2341 4223 2748 4314 Thucydides

370 4339 539 4402 enim
606 4334 887 4400 dicebat:
951 4333 1001 4397 οἱ
1063 4329 1299 4400 ἑκόντες
1367 4329 1629 4402 ἐνδόντες
1699 4330 1804 4398 vel
1853 4330 2206 4403 ἁποςάντες
2230 4377 2246 4408 ,
2293 4329 2592 4398 Graeculi
2635 4355 2748 4420 pro

370 4439 603 4514 ἑκόντες
651 4439 1039 4524 usurpath
1078 4435 1376 4508 ἑκουσίως.

2387 4554 2452 4604 28
