3369 5142
586 374 608 439 1
629 372 715 442 32
1579 388 2001 439 THUCYDIIOES.

587 565 668 631 cf.
718 563 835 629 IV.
887 566 948 628 2.
1001 566 1061 627 3.
1117 558 1287 627 εἶπον
1334 562 1395 627 δὲ
1445 561 1681 633 τούτοις
1730 562 1835 626 καὶ
1888 562 2263 641 Κορκυραίων
2311 557 2453 638 ἅμα
2497 559 2977 640 παραπλέοντας

585 677 702 734 τῶν
764 673 824 734 ἐν
889 669 1064 734 πόλει
1131 668 1573 746 ἐπιμεληθῆναι
1638 672 1703 732 et
1762 667 1884 732 IH.
1952 667 2013 733 ’7.
2081 671 2141 731 2.
2206 665 2313 730 καὶ
2380 667 2857 745 παραπλέουσαι
2908 667 2974 731 αἱ

591 784 725 851 νῆες
773 783 884 849 τῆς
935 782 1296 848 Λακωνικῆς
1345 774 1430 838 τοὶ
1480 772 1903 837 ἐπιθαλάσσια
1949 774 2147 855 χωρία
2199 773 2550 852 ἐπόρθησαν.
2605 780 2669 839 et
2712 772 2820 838 VI.
2868 772 2977 839 88.

591 882 732 955 τοὺς
781 880 1148 953 Ἰταλιώτας
1199 877 1342 957 ἅμα
1386 879 1853 959 παραπλέοντες
1902 880 2217 959 ἐπειρῶντο
2268 880 2513 944 πείθειν.
2606 880 2730 945 Pro
2779 904 2974 959 παρα·

589 986 875 1059 πλέοντες
940 1007 1146 1052 errore
1193 991 1419 1051 natum
1467 992 1563 1051 est
1611 986 2096 1066 προσπίπτοντες
2148 992 2213 1050 et
2260 1006 2410 1051 vera
2455 984 2645 1051 lectio
2689 986 2758 1050 in
2814 1007 2981 1052 mar-

589 1096 742 1181 gine
789 1093 1104 1177 adscripta
1150 1096 1218 1157 in
1265 1092 1540 1158 alienam
1590 1092 1809 1158 sedem
1857 1092 2127 1176 irrepsit.

685 1303 980 1390 Thucyd.
1053 1300 1166 1367 ΙΙΙ.
1247 1302 1353 1367 34.
1420 1302 1480 1367 3.
1567 1304 1668 1367 τὸν
1740 1302 1993 1367 Ἱππίαν
2063 1300 2267 1381 ὕςερον
2337 1302 2713 1387 ἐσαγαγὼν,
2782 1300 2975 1385 ὥσπερ

595 1411 966 1483 ἕσπείσΛτο,
1011 1410 1214 1483 ἐπειδὴ
1255 1409 1414 1474 ἔνδον
1456 1403 1521 1482 ἦν
1568 1408 2010 1486 ξυλλαμβάνει
2059 1409 2161 1472 καὶ
2215 1408 2637 1485 κατατοξεύει.
2688 1409 2979 1496 Requiri-

596 1524 704 1582 tur
770 1516 1462 1601 plusquamperfectum
1521 1512 1722 1592 ὥσπερ
1782 1511 2169 1591 ἔσπειΟΤΟ,
2220 1521 2293 1578 ut
2338 1512 2535 1595 ὥσπερ
2586 1514 2815 1597 εἴρητο,
2869 1540 2977 1580 κα-

599 1624 791 1702 θάπερ
839 1620 1181 1704 ξυνέκειτο,
1230 1627 1295 1685 et
1343 1622 1485 1685 sim.
1531 1619 1625 1685 Gf.
1666 1618 1791 1683 ΙΙΙ.
1843 1621 1991 1684 111.
2027 1621 2079 1685 οἱ
2116 1628 2432 1695 Μαντινῆς
2470 1622 2572 1686 καὶ
2600 1615 2683 1695 οἷς
2710 1621 2978 1691 ἔσπειςο.

690 1832 982 1919 Thucyd.
1043 1830 1162 1896 HI.
1234 1829 1339 1895 35.
1403 1828 1711 1895 Σάλαιθον
1762 1830 1978 1908 λαβὼν
2025 1832 2087 1895 ἐν
2135 1842 2209 1911 τῇ
2259 1831 2435 1896 πόλει
2495 1830 2622 1919 [τὸν
2670 1832 2979 1899 Λακεδαι-

605 1941 834 2024 μόνιον]
894 1936 1334 2017 κεκρυμμένον.
1427 1938 1733 2002 Potuitne
1800 1938 2099 2003 alieniore
2170 1938 2305 2003 loco
2368 1934 2688 2004 emblema
2750 1934 2983 2003 inseri?

607 2047 912 2119 Σάλαιθος
979 2046 1121 2130 quis
1181 2049 1344 2107 esset
1395 2041 1594 2107 semel
1642 2048 1707 2107 et
1753 2045 1990 2108 iterum
2037 2045 2105 2107 in
2150 2044 2671 2127 praecedentibus
2718 2044 2979 2109 dixerat.

695 2252 984 2343 Thucyd.
1048 2254 1168 2363 ῙΞΙ.
1221 2252 1328 2319 36.
1380 2254 1442 2317 5.
1509 2252 1807 2325 κάκείνοις
1858 2251 2097 2328 ἔνδηλον
2146 2248 2211 2327 ἦν
2260 2254 2631 2332 βουλόμενον
2677 2258 2747 2321 τὸ
2797 2254 2986 2321 πλέον

606 2364 722 2423 τῶν
787 2366 1048 2425 πολιτῶν
1111 2356 1283 2431 αὖθίς
1345 2368 1538 2423 τιναΟ
1589 2358 1809 2437 ΟΦίσ-ιν
1858 2359 2187 2424 άποδοῦναι
2235 2360 2717 2437 βουλεύσασθαι.
2811 2360 2988 2427 Male

605 2467 876 2549 repetita
936 2463 1194 2531 litei-ula
1254 2470 1350 2530 est
1403 2470 1468 2529 et
1513 2474 1660 2529 τινΛ
1717 2466 1937 2543 emim
1986 2466 2469 2532 emendandum.
2524 2467 2603 2532 ef.
2653 2466 2775 2531 ΙΠ.
2823 2464 2887 2529 2.
2933 2468 2985 2531 εἰ

605 2576 694 2650 μή
760 2595 851 2644 τις
913 2575 1501 2652 προκαταλήψεται.
1553 2569 1674 2636 IV.
1728 2568 1835 2637 68.
1887 2570 2139 2653 ἔφασαν
2186 2609 2270 2622 --
2319 2575 2370 2639 εἰ
2420 2575 2509 2651 μη
2557 2573 2848 2638 πείσεταί
2893 2597 2986 2646 τις

611 2679 802 2743 αὐτοῦ
863 2680 972 2752 την
1033 2678 1254 2760 μάχην
1316 2677 1556 2742 ἔσεσθαι
1617 2683 1682 2742 et
1739 2677 2031 2762 frequens
2078 2680 2147 2743 in
2192 2678 2545 2746 foederibus
2592 2681 2832 2758 βοηθεῖν
2882 2679 2990 2745 ε’άν

608 2809 702 2857 τις
772 2786 873 2852 ἐπ’
942 2785 1165 2858 αὐτοὺς
1238 2784 1316 2866 ἵη.
1410 2782 1488 2848 In
1548 2784 1650 2848 his
1710 2781 1866 2855 τινές
1932 2781 2254 2867 significat
2316 2786 2631 2870 nonnulli,
2698 2787 2867 2872 quod
2911 2787 2988 2851 do

610 2890 900 2976 pauculis
949 2891 1217 2963 dieitur,
1267 2910 1612 2976 pronomen
1661 2912 1753 2960 τις
1802 2887 2205 2954 indefinitum
2256 2894 2351 2955 est
2394 2895 2469 2955 ut
2514 2893 2581 2955 in

1518 2991 1626 3060 ὧδε
1677 2994 1743 3059 δέ
1788 3019 1881 3067 τις
1932 2994 2099 3075 ἐρέει.

706 3103 1022 3169 Similiter
1066 3101 1188 3168 ΠΙ.
1242 3102 1393 3168 111.
1445 3104 1554 3166 καί
1599 3125 1771 3174 τινας
1820 3103 2020 3166 αὐτῶν
2067 3109 2183 3167 τῶν
2224 3110 2549 3182 ςρατηγῶν
2597 3141 2677 3152 —-
2716 3103 2989 3179 ἦκόντισέ

611 3222 669 3278 Τ
677 3221 758 3277 lc
827 3209 1082 3289 νομίσας
1157 3207 1711 3287 καταπροδίδοσθαι
1782 3212 1992 3291 σφᾶς,
2058 3229 2181 3273 non
2252 3208 2329 3274 de
2398 3232 2517 3276 uno
2582 3211 2818 3276 dieitur
2884 3211 2989 3276 sed

610 3317 858 3398 άορίςως
909 3314 1364 3401 accipiendum.

705 3527 991 3616 Thucyd.
1042 3526 1167 3592 III.
1221 3525 1328 3592 37.
1375 3523 1679 3597 πολλάκις
1732 3563 1816 3573 -
1863 3524 2050 3603 ἔγνων
2099 3523 2512 3602 δημοκρατίαν
2556 3522 2649 3591 ὅτι
2689 3525 2991 3592 ἀδύνατόν

615 3638 739 3704 ἒςιν
791 3634 1000 3726 ἑτέρων
1045 3631 1276 3712 ἄρχειν.
1329 3631 1495 3697 Nota
1543 3637 1607 3695 et
1651 3630 1962 3714 frequens.
2012 3628 2235 3694 Attica
2278 3631 2433 3697 haee
2479 3635 2849 3717 compositio
2896 3639 2993 3698 est

614 3762 728 3831 pro
786 3737 976 3820 ἔγνων
1035 3734 1126 3802 ὅτι
1189 3736 1577 3816 δημοκρατία
1641 3734 1942 3801 αδύνατόν
2008 3737 2153 3804 ›is-av.
2252 3735 2375 3802 Sed
2431 3739 2581 3822 quia
2626 3740 2858 3806 vitiose
2902 3741 2995 3804 sie

618 3849 855 3914 dieitur
900 3842 1366 3910 emendandum
1413 3847 1510 3908 est
1555 3841 1926 3908 ἀδύνατος.

708 4054 998 4141 Thucyd-
1063 4053 1184 4118 ΙΠ.
1253 4050 1359 4116 38.
1436 4051 1730 4134 θαυμάζω
1796 4052 1857 4118 δὲ
1924 4053 2028 4117 καὶ
2094 4049 2218 4126 ὅτις
2288 4053 2424 4123 ἔςαι
2487 4057 2513 4121 ὅ
2577 4057 2835 4139 άντερῶν
2894 4058 2997 4120 καὶ

617 4164 885 4240 άξιώσων
947 4159 1319 4242 άποφαίνειν
1380 4159 1498 4232 τὰς
1547 4161 1660 4236 μὲν
1702 4159 2134 4235 Μυτιληναίων
2176 4161 2418 4233 άδικίας
2462 4164 2605 4239 ἡμῖν
2648 4165 2998 4244 ὠφελίμους

619 4272 845 4354 οὔσας,
902 4269 1019 4339 τὰς
1076 4267 1129 4331 δ’
1193 4265 1495 4346 ἡμετέρας
1547 4266 1873 4347 ξυμφορὰς
1925 4275 2051 4338 τοῖς
2100 4265 2467 4350 ξυμμάχοις
2515 4269 2787 4347 βλάβας
2836 4272 3003 4333 καθι-

621 4379 926 4456 ςαμένας.
987 4372 1182 4439 Cleon
1241 4375 1449 4436 utitur
1493 4382 1571 4454 τῇ
1620 4375 1706 4443 εἷς
1754 4372 1981 4438 ἄτοπον
2029 4377 2379 4456 ἀπαγωγῇ.
2480 4375 2599 4455 Qui
2642 4375 3003 4460 Mytilenen·

619 4486 770 4550 sium
817 4504 1045 4548 causam
1091 4485 1474 4564 suscepturus
1519 4490 1607 4544 eet
1623 4526 1638 4558 ‚
1688 4481 1899 4565 inquit-
1922 4527 1938 4558 ,
1992 4502 2062 4544 ea
2100 4481 2327 4544 debebit
2362 4481 2725 4562 aryumntie
2751 4481 3009 4565 probare
