3369 5142
1350 370 1773 420 rnucrnmm.
2617 354 2746 427 297

382 544 623 618 αὐτούς.
674 544 795 610 His
840 546 1091 631 scriptis
1138 544 1321 610 video
1366 546 1599 629 partim
1649 564 1903 609 mecum
1952 546 2304 631 conspirare
2341 544 2748 613 Badhamum

378 656 801 741 corrigentem
847 654 898 715 οἱ
948 652 1007 716 δὲ
1058 653 1231 730 τριῶν
1276 675 1355 728 γε
1404 652 1547 714 ἐτῶν
1596 652 1734 715 οὐκ
1779 652 1896 724 εἰς
1945 652 2134 715 πλείω
2180 651 2393 733 χρόνον
2441 654 2747 734 ὑπεροί-

378 784 417 823 σ·
436 782 549 824 ειν
614 757 858 830 αὐτούς.
951 756 1043 823 At
1086 778 1289 843 neque
1338 757 1692 837 ὑπερφέρειν
1743 756 2023 843 (vincere,
2073 781 2380 841 superare,
2435 760 2742 848 excellere)

378 871 475 930 est
518 867 711 931 huius
754 864 882 930 loci
928 884 1129 949 neque
1176 862 1543 946 περιφέρειν,
1592 864 1775 928 cuius
1821 864 1998 929 verbi
2045 865 2382 929 sustinendi
2423 866 2600 931 notio
2641 866 2748 931 hic

379 974 713 1056 aptissima
782 974 1089 1037 seriorum
1158 972 1537 1056 scriptorum
1601 990 1724 1035 usu
1781 970 1954 1055 (inde
2009 992 2045 1036 a
2110 970 2568 1056 Theophrasto)
2622 993 2749 1038 non

377 1076 821 1163 confirmatur,
886 1082 961 1141 ut
1007 1075 1329 1162 permulta
1373 1078 1776 1161 reperiuntur
1821 1078 1988 1162 apud
2031 1086 2320 1143 nostrum
2366 1076 2551 1153 ἅπαξ
2597 1078 2748 1158 εἰρη-

374 1184 570 1263 μένα,
662 1206 823 1273 quae
908 1185 1157 1250 nonnisi
1224 1204 1261 1247 a
1334 1183 1726 1267 sequioribus
1799 1183 2004 1249 denuo
2073 1194 2376 1270 usurpata
2444 1185 2750 1252 invenies.

374 1292 625 1359 Ultima
669 1295 943 1377 quinque
988 1288 1295 1356 vocabula
1314 1338 1330 1367 ,
1380 1310 1540 1375 quae
1578 1290 1750 1355 ultro
1783 1289 2256 1378 intelliguntur,
2297 1292 2752 1376 interpretandi

373 1418 563 1464 causa
607 1398 924 1483 adscripta
968 1418 1103 1463 esse
1149 1399 1463 1461 existimo.

466 1502 619 1590 Cap.
689 1502 796 1581 29,
859 1503 919 1569 3.
991 1500 1131 1581 ἅμα
1200 1504 1263 1567 δὲ
1334 1512 1410 1585 τῇ
1476 1502 1671 1585 ἡμέρα
1735 1512 1812 1585 τῇ
1878 1504 2055 1569 πόλει
2105 1503 2453 1584 προσέκειτο
2501 1543 2586 1553 -
2636 1504 2739 1570 καὶ

377 1613 565 1691 αἱρεῖ,
639 1609 1031 1691 ἀφυλάκτοις
1102 1634 1173 1673 τε
1244 1610 1545 1673 ἐπιπεσὼν
1616 1609 1720 1672 καὶ
1785 1610 2250 1690 ἀπροσδοκήτοις
2313 1613 2401 1687 μῆ
2465 1610 2540 1675 ἄν
2592 1636 2742 1676 ποτε

365 1726 573 1781 ⁴rmAC
642 1718 855 1797 σφίσιν
917 1716 1041 1780 ἀπὸ
1108 1714 1443 1789 θαλάσσης
1507 1720 1786 1779 τοσοῦτον
1849 1716 2335 1793 ἐπαναβάντΑΟ
2405 1718 2736 1784 ἐπιθέσθαι.

366 1820 629 1910 Corrige
674 1834 827 1887 τινΑ
880 1860 952 1869 —-
1012 1822 1445 1899 ἔπαναβάντΑ
1494 1828 1557 1886 et
1602 1822 1682 1887 cf.
1733 1820 1933 1889 Cobet
1977 1822 2222 1889 Mnem.
2272 1823 2440 1901 VIII,
2497 1824 2646 1890 132.

456 1929 608 2014 Cap.
663 1928 772 2012 30,
819 1928 881 1993 2.
932 1928 1107 2007 μέρος
1158 1928 1220 1993 δέ
1270 1952 1327 1991 τι
1380 1928 1752 2014 (Thracum)
1801 1928 1902 1991 καὶ
1969 1930 2030 1992 ἕν
2093 1940 2168 2009 τῇ
2233 1929 2407 1994 πόλει
2455 1932 2616 2013 αὐτῇ
2663 1932 2737 1996 δι’

369 2036 665 2115 ἀρπαγὺν
729 2035 1226 2117 ἐγκαταλειφθὲν
1294 2036 1598 2099 ἀπώλετο.
1648 2036 1700 2099 οἱ
1749 2035 1808 2099 δὲ
1857 2034 2216 2112 ξύμπαντες
2269 2038 2412 2122 [τῶν
2461 2040 2737 2125 Θρακῶν]

367 2141 745 2216 πεντήκοντα
817 2142 919 2205 καὶ
992 2141 1277 2207 διακόσιοι
1347 2143 1470 2206 ἀπὸ
1540 2142 1896 2221 τριακοσίων
1960 2142 2063 2206 καὶ
2125 2144 2346 2224 χιλίων
2409 2142 2731 2207 ἀπέθανον.

364 2248 621 2314 Puerile
708 2247 1026 2313 emblema
1094 2248 1230 2333 ipsa
1298 2249 1643 2334 graecitate
1713 2248 2008 2334 arguitur
2030 2297 2045 2322 ,
2117 2248 2434 2332 siquidem
2503 2248 2732 2314 saltem

362 2355 763 2421 scribendum
834 2354 1077 2419 fuerat:
1148 2360 1263 2418 τῶν
1334 2354 1397 2417 δὲ
1452 2359 1702 2435 Θρακῶν
1769 2355 2149 2427 πεντήκοντα
2196 2355 2299 2419 καὶ
2349 2354 2632 2419 διακόσιοι
2679 2358 2733 2420 οἱ

363 2460 721 2540 ξύμπαντες
772 2497 857 2510 --
907 2460 1225 2525 ἀπέθανον.
1274 2460 1690 2525 Manifestum
1739 2465 1835 2525 est
1880 2461 1999 2527 hoc
2046 2467 2238 2546 caput
2281 2460 2516 2526 melius
2563 2459 2729 2527 finiri

359 2567 671 2636 vocabulo
728 2568 1095 2642 ἀπανηλώθη
1156 2569 1191 2653 §
1239 2569 1299 2644 3,
1349 2573 1420 2631 ut
1469 2587 1708 2632 novum
1755 2573 1947 2654 caput
1993 2570 2083 2634 sic
2131 2567 2434 2633 ordiatur:
2485 2569 2568 2632 τὰ
2615 2569 2731 2644 μὲν

361 2676 531 2740 κατοὶ
590 2699 648 2738 τ.
708 2683 797 2739 Μ.
854 2711 935 2722 -
986 2675 1013 2738 ὅ
1064 2675 1124 2738 δὲ
1173 2674 1585 2751 Δημοσθένης.
1679 2672 1997 2739 Similiter
2042 2677 2268 2760 eapitis
2314 2673 2402 2738 26
2447 2675 2566 2740 hoe
2611 2677 2731 2739 ini-

360 2783 527 2846 tium
586 2785 754 2846 esto:
816 2780 917 2843 καὶ
984 2781 1033 2843 ol
1096 2780 1207 2856 μὲν
1274 2781 1357 2864 [ἕν
1406 2789 1483 2860 τῇ
1532 2779 1794 2862 Σικελία
1841 2779 2006 2865 dele]
2056 2785 2268 2844 ταῦτα
2314 2779 2652 2867 ἔπρασσον,
2709 2785 2737 2848 ὅ

362 2887 424 2951 δὲ
473 2899 645 2964 Anu..

448 2990 599 3078 Oap.
668 2990 775 3068 31,
849 2993 903 3056 1.
972 2990 1077 3054 xxi
1135 2992 1303 3068 μετὰ
1366 2996 1543 3056 τοῦτο
1592 2992 1964 3073 ἀφικόμενος
2014 2994 2070 3075 [ὃ
2124 2993 2535 3082 Δημοσθένης]
2587 3012 2728 3062 κτλ.

355 3099 452 3166 De
496 3099 675 3165 nullo
721 3098 847 3164 alio
892 3118 1099 3163 sermo
1146 3103 1243 3163 est
1288 3098 1355 3161 in
1402 3102 1804 3186 praegressis.

448 3206 601 3292 Cap.
668 3205 791 3274 33:
847 3243 927 3254 ——
979 3204 1363 3269 πεντακόσιοι
1428 3206 1543 3280 μὲν
1604 3207 1900 3290 ὁπλῖται,
1961 3205 2406 3284 τριακόσιοι
2456 3210 2510 3273 δ’
2557 3210 2731 3274 ἀκον-

358 3315 529 3382 τιςαὶ
592 3313 695 3377 καὶ
760 3311 1009 3387 τοξόται
1068 3309 1545 3391 τριακόσιοι.
1616 3309 1920 3396 Suspecta
1966 3313 2130 3377 mihi
2179 3315 2488 3398 scriptura
2533 3316 2726 3400 quod,

355 3423 411 3485 si
456 3421 937 3507 sagittariorum
984 3439 1290 3483 numerus
1337 3417 1509 3482 idem
1548 3416 1671 3481 fuit
1713 3419 1822 3502 qui
1859 3417 2302 3497 iaculatorum,
2328 3419 2735 3506 Thucydides

354 3546 529 3590 more
581 3546 695 3590 suo
742 3545 853 3610 pro
901 3523 1099 3590 altero
1139 3521 1461 3602 τριακόσιοι
1506 3523 1778 3588 dedisset
1819 3521 1974 3587 ἶσοι
2001 3575 2016 3600 ,
2067 3529 2132 3590 et
2171 3523 2306 3590 fieri
2344 3546 2490 3592 sane
2527 3534 2736 3612 potest

354 3637 429 3696 ut
470 3629 795 3711 τριακόσιοι
844 3651 955 3716 pro
999 3631 1119 3696 hoc
1166 3631 1587 3696 substitutum
1637 3632 1722 3693 sit
1769 3630 1846 3694 ab
1873 3631 2336 3717 interpretibus.
2389 3631 2510 3698 Sed
2535 3653 2736 3720 aequo

352 3741 491 3804 iure
560 3743 803 3804 statuas
872 3737 1028 3802 olim
1098 3737 1293 3804 fuisse
1364 3735 1935 3816 τετρακόσιοι,
2017 3735 2298 3804 aliumve
2369 3760 2730 3808 numerum.

351 3844 599 3910 Ibidem
648 3844 751 3928 §4
798 3843 1202 3923 κατίσχουσιν
1252 3846 1311 3914 ἐς
1359 3845 1477 3915 τοὶς
1521 3843 1816 3922 Χοιράδας
1859 3845 2096 3926 [νήσους
2133 3837 2520 3930 Ἰαπυγίας].
2561 3846 2729 3914 Satis

354 3961 532 4017 notas
579 3951 693 4016 has
738 3948 977 4014 insulas
1020 3949 1213 4014 fuisse
1262 3949 1537 4016 declarat
1585 3949 1912 4016 articulus.

442 4055 596 4144 Cap.
662 4056 783 4134 32,
851 4059 890 4120 2
946 4057 997 4120 ol
1062 4059 1309 4120 Σικελοί
1358 4093 1439 4104 -
1491 4055 1726 4134 ἐνέδραν
1776 4054 2168 4132 ποιησάμενοι
2217 4056 2606 4138 ἀφυλάκτοις
2656 4084 2726 4125 τε

356 4166 459 4228 καὶ
525 4161 825 4244 ἐξαίφνης
889 4160 1301 4240 ἐπιγενόμενοι
1366 4162 1708 4242 διέφθειραν
1771 4164 1832 4232 ἐς
1879 4163 2268 4236 ὀκτακοσίους
2316 4165 2562 4240 μάλιςα
2613 4169 2716 4232 καὶ

351 4272 489 4342 τοὺς
540 4271 824 4348 πρέσβεις
876 4271 1037 4342 πλὴν
1086 4268 1254 4338 ἐνὸς
1301 4272 1437 4331 τοῦ
1492 4265 1796 4347 Κορινθίου
1843 4269 2185 4340 πάντας.
2281 4269 2453 4334 Hinc
2492 4269 2722 4338 efficias

351 4376 656 4463 legationi
696 4397 895 4441 unum
944 4381 1196 4440 tantum
1244 4373 1603 4438 interfuisse
1652 4373 2086 4446 Corinthium.
2135 4375 2296 4460 quod
2347 4382 2557 4440 tamen
2605 4399 2718 4462 pa-

348 4502 495 4548 rum
546 4482 867 4570 probabile
916 4486 1011 4546 est
1057 4485 1309 4566 propter
1351 4479 1567 4544 locum
1617 4479 1725 4556 25,
1777 4479 1839 4559 9,
1879 4481 1993 4545 ubi
2028 4482 2106 4545 de
2143 4481 2362 4546 eadem
2401 4480 2720 4570 legatione

2373 4603 2436 4650 19
