3369 5142
577 246 707 318 336
1713 267 1944 318 Puro.

661 439 825 528 Peg.
873 437 1003 506 319
1051 457 1123 503 a:
1174 436 1211 515 ἦ
1256 440 1448 507 καλὸν
1492 439 1787 523 τέχνημα
1835 437 1952 521 ἄρα
2001 437 2330 516 κέκτησαι,
2383 437 2550 521 εἴπερ
2600 438 2934 514 κέκτησαι·

574 549 640 614 οὗ
688 547 813 627 γάρ
860 571 918 611 τι
968 548 1126 611 άλλο
1174 546 1318 628 πρός
1366 573 1446 627 γε
1494 548 1562 612 σὲ·
1609 549 1914 626 εἰρήσεται
1963 547 1996 622 ἢ
2043 543 2201 626 ἅπερ
2248 551 2374 611 νοῶ.
2423 545 2599 613 Duce
2639 549 2948 612 sententia

579 653 702 736 άρα
774 657 841 719 in
910 675 1094 719 suam
1156 655 1369 720 sedem
1430 656 1751 740 transponi
1815 655 2002 720 debet
2062 653 2130 718 in
2197 653 2367 719 hunc
2413 654 2714 719 modum:
2763 653 2954 718 καλὸν

577 762 872 842 τέχνημα
932 760 1267 839 κέκτησαι,
1338 759 1502 843 εἴπερ
1556 765 1755 826 ’‘APA
1820 760 2138 836 κέκτησαι.
2208 759 2374 840 εἴπερ
2433 759 2557 840 ἄρα
2605 761 2954 826 dubitantis

580 874 675 934 est
722 889 793 934 ao
842 874 1169 954 propterea
1215 868 1393 934 addit
1438 891 1505 934 ee
1548 868 1748 933 libere
1795 867 1948 954 quid
1995 869 2227 934 sentiat
2273 867 2596 933 dicturum
2645 888 2802 933 esse.

670 1079 830 1169 Peg.
884 1078 1033 1145 319.
1086 1086 1142 1143 b:
1205 1081 1307 1160 ὖρῶ
1366 1073 1462 1143 οὖν
1514 1117 1595 1128 —-
1646 1079 1891 1144 ἐπειδὰν
1956 1079 2070 1158 μὲν
2130 1078 2264 1159 περὶ
2326 1079 2668 1158 οἰκοδομίας
2730 1103 2789 1144 τι
2851 1079 2954 1162 δέῃ

584 1185 815 1268 πρᾶξαι
880 1189 987 1262 τὴν
1052 1173 1263 1270 πόλιν,
1334 1187 1472 1258 τοὺς
1522 1185 1864 1262 οἰκοδόμους
1913 1186 2516 1264 μεταπεμπομένους
2569 1185 2956 1266 συμβούλους

588 1294 749 1379 [περὶ
814 1299 929 1357 τῶν
977 1291 1520 1378 οἱκοδομημάτων].
1569 1291 1774 1358 Miror
1819 1291 2146 1358 Editorem
2193 1294 2272 1358 ab
2320 1292 2695 1381 Hirsohigio
2742 1292 2959 1359 admo-

585 1401 797 1464 nitum
843 1399 1323 1485 putidissimum
1371 1397 1690 1464 emblema
1735 1400 2006 1464 retinere
2052 1401 2351 1485 potuisse.

674 1505 1006 1572 Praeterea
1044 1530 1104 1569 τι
1152 1504 1557 1570 incommoda
1602 1505 1748 1570 sede
1795 1505 2175 1571 collocatum
2221 1512 2335 1572 est.
2383 1505 2716 1572 Platonem
2768 1509 2960 1593 scrip-

586 1615 741 1679 sisse
786 1614 1087 1678 arbitror:
1138 1611 1385 1677 ἕπειδοὶν
1431 1613 1545 1691 μέν
1593 1619 1681 1676 TI
1733 1611 1877 1690 Περὶ
1926 1613 2306 1689 οἰκοδομίας,
2358 1613 2582 1680 deinde
2621 1639 2680 1679 τι
2725 1614 2960 1680 excidit

587 1726 651 1786 et
697 1723 1061 1806 importuno
1105 1719 1243 1785 1000
1288 1723 1638 1805 repositum
1684 1726 1800 1785 est.
1848 1719 1929 1785 of.
1979 1740 2127 1808 pag.
2177 1719 2308 1786 319
2357 1722 2433 1784 d:
2483 1721 2731 1786 ἐπειδάν
2779 1721 2842 1786 δέ
2899 1745 2959 1787 τι

589 1826 720 1908 περὶ
770 1827 888 1891 τῶν
936 1836 1045 1902 τῆς
1096 1824 1329 1898 πόλεως
1378 1824 1482 1908 δέη
1532 1825 2018 1905 βουλεύσασθαι.

680 2039 843 2126 Pag.
896 2037 1025 2102 319
1074 2059 1135 2102 e:
1201 2035 1309 2110 ἕως
1358 2035 1435 2102 ἂν
1484 2039 1517 2114 ἢ
1570 2037 1758 2110 αὐτὸς
1807 2039 2013 2120 dms-fi
2061 2041 2090 2101 ὁ
2138 2039 2459 2120 ἐπιχειρῶν
2505 2039 2713 2118 λέγειν
2765 2065 2962 2106 κατα-

593 2144 930 2226 θορυβηθεὶς
982 2144 1015 2218 ἢ
1068 2145 1117 2208 οἱ
1165 2142 1414 2220 τοξόται
1465 2143 1650 2208 αὐτὸν
1703 2143 2133 2226 οὶφελκύσωσιν
2183 2147 2243 2232 [ἢ
2285 2145 2654 2232 εξάρωνται]
2693 2147 2964 2214 κελευόν-

591 2276 707 2317 των
769 2258 884 2315 τῶν
947 2249 1313 2330 πρυτάνεων.
1408 2249 1551 2335 Ipsa
1594 2255 1823 2314 natura
1867 2252 1961 2314 rei
2005 2254 2296 2339 suggerit
2341 2253 2610 2318 verbum
2659 2249 2856 2321 ἕλκειν
2907 2259 2970 2318 et

594 2359 895 2439 άφέλκειν
961 2359 1292 2444 (detrahere
1350 2358 1423 2420 de
1484 2355 1785 2440 Rostris).
1835 2357 2001 2440 quod
2045 2363 2144 2422 est
2187 2359 2256 2422 in
2304 2379 2376 2424 ea
2421 2380 2488 2424 re
2535 2363 2848 2426 usitatum
2897 2382 2969 2427 ao

592 2465 902 2549 frequens».
996 2462 1346 2549 Xenophon
1416 2463 1664 2528 Memor.
1737 2461 1850 2526 III.
1927 2461 1988 2527 6.
2065 2463 2141 2528 l:
2213 2465 2554 2530 Γλαύκωνα
2629 2505 2712 2515 -
2778 2469 2968 2540 οὐδεὶς

594 2571 846 2637 ἐδύνατο
907 2576 1147 2634 παῦσαι
1209 2567 1531 2648 ἑλκόμενόν
1579 2593 1647 2635 τε
1699 2567 1824 2633 άπὸ
1873 2575 1978 2634 τοῦ
2029 2570 2316 2648 βήματος
2370 2573 2472 2637 καὶ
2523 2574 2969 2651 καταγέλα-τον

592 2678 756 2744 ὅντα.
812 2676 1046 2743 Contra
1094 2674 1437 2755 ἐξαίρεσθαί
1480 2700 1620 2741 τινα
1664 2675 1832 2740 nihil
1881 2682 1974 2741 eet
2016 2698 2219 2763 neque
2254 2677 2390 2743 ulla
2428 2682 2496 2743 in
2537 2680 2656 2745 tali
2689 2702 2756 2745 re
2795 2684 2969 2768 optio

592 2784 730 2850 fieri
775 2788 983 2869 potest
1023 2788 1098 2847 ut
1140 2782 1611 2847 reetedioatur
1655 2782 1958 2864 ἀφέλκειν
1996 2779 2082 2847 Ἢ
2137 2783 2502 2863 ἐξαίρεσθαι.

685 3000 843 3087 Pag.
908 3000 1060 3065 321.
1124 3020 1189 3061 a:
1267 2996 1409 3077 πρὸς
1472 2996 1589 3069 τας
1655 2996 1727 3060 ἐκ
1791 2996 1934 3068 Διὸς
1997 2995 2148 3077 ὥρας
2210 3000 2518 3080 εὖμαρΙαν
2569 3000 2960 3083 ε’μηχανίἑτο.

480 3133 491 3143 *
596 3106 797 3173 Serib.
845 3103 1214 3185 εὐμάρειαν,
1264 3108 1337 3168 ut
1386 3104 1453 3167 in
1498 3102 1824 3187 Euripidis
1871 3109 2020 3169 noto
2066 3104 2247 3170 1000:

1136 3210 1239 3275 τὸν
1286 3208 1398 3285 μὲν
1446 3208 1707 3283 κέκληκε
1759 3211 1976 3287 Ζῆθον,
2028 3210 2280 3291 ἐζήτησε
2309 3208 2450 3293 ’γάρ

1143 3316 1395 3382 τόκοισιν
1444 3315 1775 3396 εὐμάρειαν
1825 3320 1860 3393 ἧ
1909 3316 2172 3383 τεκοῦσά
2225 3341 2330 3384 νιν.

599 3433 663 3494 et
708 3428 797 3494 sic
844 3427 1113 3512 passim:
1163 3423 1423 3504 εὐμαρίη
1472 3423 1761 3489 Ionicum
1821 3428 1934 3489 est.

689 3639 846 3727 Pag.
899 3636 1051 3704 322.
1101 3653 1169 3699 a:
1220 3634 1427 3710 ἐπειδὴ
1479 3635 1541 3700 δὲ·
1586 3636 1613 3699 ὃ
1664 3635 1964 3713 ἄνθρωπος
2013 3636 2177 3707 θείας
2225 3636 2506 3719 μετέσχε
2559 3638 2770 3717 μοίρας
2813 3644 2965 3718 πρῶ-

599 3771 698 3812 τον
748 3746 861 3823 μὲν
908 3740 1067 3824 ζῴων
1113 3741 1353 3819 μόνΟΝ
1400 3741 1564 3814 θεοὺς
1592 3739 1907 3829 ξὲνόμισεν.
1955 3740 2092 3807 Imo
2141 3760 2324 3808 vero:
2375 3746 2404 3807 ὅ
2452 3744 2752 3825 ἄνθρωπος
2801 3744 2959 3827 ζῴων

600 3852 831 3932 advoc
877 3849 1041 3920 θεοὺς
1088 3846 1379 3925 ἐνόμισεν.

691 4063 849 4151 Pag.
916 4060 1063 4126 322.
1126 4077 1197 4124 a:
1268 4058 1385 4132 τοὶς
1459 4060 1527 4124 ἐκ
1596 4066 1714 4137 γῆς
1787 4061 2024 4143 τροφὰς
2096 4058 2374 4144 ηὕρεΤΟ.
2459 4060 2639 4130 Οὕτω
2704 4065 2775 4141 δή
2841 4067 2965 4133 κτὲ.

599 4170 905 4238 Alienum
973 4170 1051 4235 ab
1120 4168 1180 4233 h.
1208 4166 1252 4231 1.
1318 4170 1413 4232 est
1476 4162 1683 4248 ηὕρετο
1748 4166 2107 4251 impetravit.
2174 4168 2379 4258 Lege:
2442 4172 2676 4254 τροφὰς
2745 4168 2968 4254 ηὗρεΝ.

602 4276 752 4347 οὕτω
800 4278 899 4355 δή.
