3369 5142
1407 307 1803 359 comicorum.
2719 287 2804 358 4¹7

416 480 622 550 Adest
683 482 751 548 in
816 501 1004 548 scena
1060 482 1272 549 nescio
1334 483 1478 568 quis
1541 471 1825 548 moerore
1884 480 2207 548 confectus
2265 485 2330 549 et
2392 482 2805 550 vehementer

411 591 582 655 mori
641 590 925 675 cupiens.
1018 587 1261 655 Adstat
1320 609 1576 666 servus,
1643 593 1721 653 ut
1784 609 1969 674 saepe
2012 591 2081 653 in
2128 588 2489 673 comoedia,
2536 592 2649 676 qui
2694 590 2805 656 do·

411 698 592 762 mino
641 700 1041 782 peramanter
1088 694 1352 762 consilia
1399 694 1710 780 propinat.
1806 695 2045 774 Nemo,
2098 696 2313 782 inquit
2332 745 2350 780 ,
2398 701 2619 782 sponte
2665 716 2803 762 mo-

407 801 612 886 ritur3
662 797 913 868 Charon
959 801 1244 867 detrudit
1290 801 1370 866 ad
1415 801 1650 866 inferos
1696 821 1804 867 eos
1852 821 2007 887 quos
2051 803 2187 869 vita
2232 823 2305 869 ac
2343 801 2487 868 luce
2525 802 2802 892 gaudere

412 906 830 995 deprehendit
868 914 1088 992 estque
1126 905 1328 971 fames
1368 907 1522 972 adeo
1560 904 1925 981 ἀθανασίας
1962 906 2321 989 Φάρμακον.
2368 908 2513 974 Non
2547 908 2803 994 disputo

407 1035 578 1080 nunc
595 1061 613 1089 ,
675 1023 900 1080 utrum
961 1021 1322 1098 postremus
1374 1012 1729 1078 versiculus
1791 1035 1937 1080 cum
2000 1015 2431 1100 superioribus
2473 1013 2803 1080 cohaereat

409 1139 625 1185 necne.
673 1117 944 1187 Grotius
989 1123 1220 1206 negat,
1269 1124 1488 1185 contra
1529 1117 2067 1206 wyttenbachius
2114 1120 2194 1187 ad
2233 1119 2597 1206 Eunapium
2623 1141 2683 1206 p.
2713 1117 2800 1184 35

411 1224 738 1292 contendit
803 1227 1024 1291 omnia
1067 1224 1170 1290 illi
1216 1223 1471 1290 servulo
1517 1226 1947 1292 continuanda
1990 1247 2145 1293 esse.
2239 1226 2415 1292 Idem
2462 1231 2633 1292 recte
2678 1231 2804 1292 sta·

409 1333 542 1397 tuit
588 1331 927 1413 Φάρμακον
975 1351 1107 1398 esse
1155 1331 1702 1396 medicamentum
1745 1331 1854 1398 vel
1898 1331 2226 1400 efficiendo
2269 1334 2433 1399 bono
2478 1331 2584 1398 vel
2625 1349 2799 1397 aver-

409 1439 600 1505 tendo
643 1439 839 1505 malo.
931 1437 1390 1523 Exemplorum
1429 1435 1619 1522 plena
1657 1443 1807 1503 sunt
1844 1441 2076 1504 omnia.
2171 1439 2341 1520 Quid
2378 1443 2596 1505 autem
2634 1433 2803 1503 illud

410 1550 506 1610 est
573 1544 812 1612 famem
884 1545 1163 1610 tribuere
1223 1542 1610 1608 mortalibus
1677 1544 2226 1609 immortalitatem?
2326 1543 2523 1610 Estne
2584 1563 2806 1610 revera

407 1652 611 1720 fames
636 1701 653 1728 ,
699 1653 894 1718 sicuti
933 1653 1388 1735 interpretatur
1425 1647 1959 1736 wyttenbachius
1980 1697 1997 1726 ‚
2038 1651 2509 1716 immortalitatis
2539 1653 2807 1740 effectrix

405 1759 744 1824 medicina?
805 1756 1072 1824 Adeone
1120 1775 1346 1820 verum
1393 1762 1490 1819 est
1508 1801 1525 1832 ,
1573 1755 1879 1822 mortales
1924 1777 2047 1822 non
2097 1758 2225 1822 nisi
2268 1759 2506 1824 invitos
2552 1757 2804 1824 descen-

407 1866 554 1933 dere
624 1866 706 1932 ad
775 1864 1010 1930 inferos
1031 1911 1049 1947 ,
1119 1865 1192 1926 ut
1253 1861 1534 1926 famelici
1596 1882 1754 1947 quos
1813 1865 1987 1928 vitae
2036 1862 2321 1948 taedeat,
2369 1865 2628 1931 omnino
2672 1885 2800 1932 non

407 1973 804 2039 moriantur?
849 1968 1019 2034 Illud
1068 1965 1214 2034 vult
1260 1965 1698 2052 Antiphanes,
1746 1970 1804 2033 si
1848 1969 2107 2052 quidem
2156 1969 2441 2037 senarius
2484 1970 2801 2058 Antipha-

403 2078 506 2144 nis
569 2083 704 2163 est,
765 2073 1094 2142 famelicos
1151 2092 1288 2139 sero
1333 2074 1500 2139 mori
1546 2093 1753 2159 neque
1796 2073 2144 2141 illubenter
2190 2081 2254 2141 et
2300 2077 2437 2142 sine
2478 2075 2614 2142 ullo
2662 2098 2801 2143 cru·

409 2185 607 2250 ciatu.
698 2180 924 2270 Itaque
967 2181 1207 2248 habent
1258 2178 1426 2265 quod
1473 2179 1730 2246 mortali
1776 2184 2057 2248 maxime
2104 2181 2455 2268 optandum
2494 2187 2593 2250 est
2608 2230 2627 2262 ,
2670 2204 2799 2250 non

405 2289 513 2366 rina
569 2287 964 2364 ἀθανασίαν,
1029 2306 1188 2371 quae
1269 2285 1396 2350 diis
1454 2290 1711 2353 tantum
1770 2306 2062 2353 concessa
2108 2292 2205 2353 est
2224 2335 2245 2365 ,
2294 2287 2405 2353 sed
2449 2289 2558 2365 τὴν
2603 2285 2800 2354 εὐθα-

406 2396 628 2462 νασίαν
687 2400 756 2460 at
814 2393 1014 2459 fames
1075 2390 1549 2477 quodammodo
1605 2395 1842 2479 poterit
1888 2418 1917 2459 ε
1939 2391 2310 2461 ὖθανασί
2322 2418 2415 2468 ας
2462 2393 2799 2477 Φάρμακον

406 2501 712 2591 appellari
730 2549 748 2586 ,
815 2519 998 2575 nam,
1069 2517 1274 2584 quum
1337 2497 1477 2583 ipsa
1535 2517 1753 2564 amara
1812 2501 1899 2566 sit
1918 2548 1936 2585 ,
2000 2499 2246 2587 reliqua
2304 2500 2518 2566 omnia
2581 2500 2798 2568 dulcia

407 2609 653 2694 reddit,
718 2612 799 2674 ut
865 2607 1090 2672 scribit
1157 2603 1332 2670 idem
1402 2602 1805 2691 Antiphanes
1874 2606 2045 2693 apud
2112 2606 2463 2674 Stobaeum
2536 2606 2645 2674 95.
2724 2610 2795 2676 1:

407 2712 649 2781 ἅπανθ’
709 2714 737 2778 ὃ
781 2711 962 2789 λιμὸς
1011 2707 1258 2789 γλυκέα
1306 2712 1469 2785 πλὴν
1513 2713 1706 2777 αὑτοῦ
1755 2721 1937 2779 ποιεῖ.
2035 2712 2300 2779 Famem
2346 2717 2561 2779 autem
2610 2719 2799 2800 poeta

405 2842 573 2888 nunc
630 2820 823 2892 dixit,
873 2838 998 2903 quo
1045 2835 1234 2882 sensu
1281 2814 1659 2882 Menander:
1714 2821 1800 2891 εἷς
1846 2821 1932 2885 τὰ
1976 2819 2278 2898 καθάρειοι
2326 2817 2506 2898 λιμὸς
2556 2820 2797 2887 sio-om!-

407 2926 578 3007 ζεται
604 2974 621 3001 .
686 2944 847 3012 quae
906 2922 1220 2988 sententia
1275 2939 1470 3005 quam
1529 2944 1682 2990 vera
1738 2928 1823 2990 sit
1885 2932 2201 2993 noverunt
2264 2928 2377 3013 qui
2424 2930 2494 2993 in
2538 2929 2793 3014 magnis

401 3032 669 3099 urbibus
732 3028 1118 3095 munditiem
1165 3023 1525 3091 multorum
1576 3030 2179 3109 animadverterint,
2234 3033 2468 3117 quibus
2507 3030 2655 3118 plus
2700 3038 2801 3099 est

403 3137 756 3226 elegantiae
816 3154 1013 3220 quam
1058 3148 1478 3197 nummorum
1495 3178 1513 3209 ,
1561 3134 1759 3199 sicuti
1803 3156 1951 3202 vere
2001 3138 2365 3204 observavit
2410 3134 2691 3205 Gobetus
2732 3141 2801 3205 in

405 3243 641 3310 Mnem.
704 3239 794 3307 IV
855 3238 1009 3305 262.
1105 3234 1234 3302 Sed
1292 3236 1464 3321 quod
1525 3238 1701 3304 idem
1746 3241 1969 3306 scribit
2016 3244 2083 3307 in
2133 3242 2343 3310 Variis
2390 3242 2803 3311 Lectionibus

403 3372 468 3438 p.
523 3349 610 3416 60
653 3350 960 3415 usitatius
1001 3342 1337 3427 Φάρμακον
1383 3342 1516 3409 dici
1564 3344 1631 3411 id
1677 3368 1793 3432 quo
1838 3348 1991 3433 quid
2032 3348 2290 3431 efficitur
2336 3368 2532 3434 quam
2556 3356 2801 3437 contra,

405 3457 475 3524 id
530 3476 655 3522 non
717 3452 1204 3539 comprobatum
1251 3451 1492 3515 inveni.
1541 3452 1745 3531 Βηχὸς
1792 3454 2128 3533 Φάρμακον
2169 3452 2578 3541 Phrynichus
2614 3460 2805 3541 poeta

407 3562 608 3647 dixit,
652 3558 856 3639 μέθης
904 3558 1244 3642 Φάρμακον
1282 3553 1564 3641 Amphis
1605 3563 1668 3624 et
1706 3558 2079 3625 huiusmodi
2120 3559 2417 3645 exempla
2439 3564 2805 3647 conquirere

405 3666 592 3735 facile
635 3672 752 3733 est.

500 3876 644 3945 Non
688 3880 876 3945 vacat
920 3896 1128 3943 errore
1145 3926 1164 3963 ,
1212 3878 1380 3963 quod
1429 3898 1506 3944 ex
1555 3875 1889 3945 Athenaeo
1937 3876 2239 3944 laudatur
2283 3898 2344 3965 p.
2396 3876 2486 3943 54
2530 3876 2706 3946 Mla:

773 3978 888 4049 sta-⁹
936 3983 1004 4048 οὐ
1051 3984 1298 4058 δικαίως
1348 3984 1476 4063 εἷμὶ
1523 3983 1869 4067 Φιλογύνης
1917 3985 2041 4061 ἐγὼ

775 4087 916 4153 καὶ
963 4088 1083 4163 τὰς
1133 4090 1383 4172 ἑταίρας
1431 4090 1616 4167 ἡδέως
1664 4090 1882 4163 πάσας
1928 4088 2116 4171 lxm

777 4194 948 4261 τουτ’)
999 4195 1128 4275 γὰρ
1176 4198 1332 4263 αὐτὸ
1376 4204 1604 4277 πρῶτον
1651 4192 1680 4263 ὃ
1729 4198 1805 4263 σὺ
1854 4207 2047 4271 ποιεῖς
2095 4195 2350 4275 παθεῖν,

781 4310 1113 4379 μαλακαῖς
1159 4326 1198 4367 κ
1218 4318 1320 4369 α).
1339 4310 1472 4377 αῖς
1520 4326 1592 4369 τε
1632 4308 1813 4386 χερσὶ
1859 4301 2196 4389 τριφθῆναι
2244 4302 2437 4379 πόδας
2456 4352 2475 4382 ,

777 4412 906 4479 πῶς
957 4407 1100 4491 οὐχὶ
1152 4408 1373 4487 σεμνόν
1420 4409 1556 4485 ἔςις
