3369 5142
1148 1147 1295 1237 AD
1350 1144 2080 1236 THEOGNIDEM.

1490 1445 1738 1473 -Μ-

524 1680 648 1746 His
692 1680 1017 1746 mensibus
1066 1679 1227 1745 duae
1264 1680 1573 1745 editiones
1612 1678 2002 1766 Theognidis
2040 1679 2459 1765 reliquiarum
2503 1681 2571 1743 in
2594 1678 2806 1745 lucem

435 1787 833 1872 prodierunt,
895 1805 1163 1870 quarum
1225 1806 1419 1850 unam
1483 1788 1734 1851 curavit
1778 1784 1816 1849 J
1821 1786 2052 1850 acobus
2099 1782 2356 1863 Sitzler,
2405 1784 2670 1850 alteram
2719 1806 2811 1849 se-

436 1891 657 1958 cundis
700 1894 867 1956 curis
910 1894 1279 1978 recognovit
1324 1890 1814 1977 Christophorus
1859 1891 2129 1979 Ziegler.
2207 1890 2482 1975 Uterque
2527 1894 2809 1956 virorum

437 1998 949 2065 doctissimorum
990 1998 1409 2083 interruptam
1447 1997 1852 2064 collationem
1889 1997 2124 2063 codicis
2159 1996 2541 2061 Mutinensis
2558 2045 2573 2073 ‚
2617 2017 2810 2083 quam

440 2127 495 2171 a.
558 2102 731 2169 1869
801 2104 867 2167 in
936 2103 1179 2168 Studiis
1248 2102 1675 2191 Theognideis
1743 2102 1985 2189 publici
2045 2104 2212 2189 juris
2279 2103 2402 2167 feci
2421 2154 2438 2187 ‚
2509 2102 2814 2168 utendam

440 2212 859 2277 existimavit.
908 2208 1171 2275 Praeter
1216 2229 1320 2275 eos
1344 2260 1359 2286 ,
1409 2216 1724 2294 quantum
1769 2210 2070 2297 cognovi,
2111 2208 2197 2274 H.
2241 2230 2366 2275 van
2405 2208 2811 2288 Herwerden‚

440 2321 542 2383 vir
600 2316 995 2382 clarissimus
1012 2363 1029 2392 ‚
1082 2316 1152 2380 in
1198 2316 1469 2381 Animad
1478 2317 1870 2381 versionibus
1916 2315 2324 2403 philologieis
2375 2316 2451 2381 ad
2500 2314 2816 2404 Theogni-

444 2423 589 2489 dem
628 2428 693 2487 et
726 2422 1133 2487 Hermannus
1169 2421 1627 2507 Schneidewin,
1667 2426 1771 2489 vir
1811 2422 2234 2507 doctissimus,
2275 2426 2344 2487 in
2381 2424 2819 2489 dissertatione

444 2530 968 2618 Argentoratensi
1009 2529 1085 2596 de
1123 2527 1405 2617 Syllogis
1441 2527 1868 2618 Theognideis
1905 2529 2096 2594 huius
2128 2528 2484 2595 collationis
2505 2532 2818 2596 rationem

445 2637 821 2702 habuerunt.
916 2635 1087 2701 Ante
1147 2636 1262 2700 hos
1324 2638 1601 2720 quinque
1662 2655 1858 2700 annos
1876 2685 1894 2719 ,
1959 2655 2159 2720 quum
2222 2636 2386 2701 mihi
2449 2638 2821 2723 contigisset

448 2743 660 2828 ipsum
708 2741 986 2807 codicem
1034 2745 1327 2807 excutere
1343 2789 1359 2817 ,
1409 2761 1628 2806 omnes
1674 2740 1932 2806 lacunas
1979 2741 2334 2807 collationis
2350 2790 2366 2818 ,
2419 2761 2612 2827 quam
2660 2741 2819 2808 olim

452 2848 747 2924 exhibui,
807 2850 900 2912 ita
963 2847 1215 2932 explevi
1260 2854 1334 2911 ut
1379 2867 1503 2912 non
1550 2846 1808 2934 singula
1855 2847 2046 2912 verba
2091 2868 2244 2912 cum
2291 2847 2504 2932 aliqua
2550 2847 2824 2914 editione

453 2953 794 3020 conferrem
856 2953 963 3019 sed
1022 2956 1188 3018 totos
1234 2973 1455 3018 versus
1501 2973 1695 3038 quam
1743 2953 2238 3041 diligentissime
2285 2959 2819 3020 transscriberem.

451 3060 489 3125 J
494 3082 599 3126 am
636 3059 929 3146 perlectis
969 3059 1353 3124 editionibus
1370 3109 1387 3143 ,
1426 3077 1581 3144 quas
1618 3079 1810 3145 supra
1845 3062 2198 3126 memoravi
2214 3107 2231 3136 ,
2273 3061 2342 3124 in
2374 3063 2825 3148 cogitationem

452 3169 599 3233 veni
656 3165 795 3231 fieri
839 3185 1023 3250 posse
1072 3171 1146 3230 ut
1190 3185 1313 3230 non
1358 3183 1611 3250 prorsus
1656 3165 1886 3230 inutile
1933 3170 1998 3230 et
2041 3186 2578 3252 supervacaneum
2625 3175 2824 3247 esset,

453 3276 510 3338 si
533 3310 551 3327 κ
568 3293 727 3358 quae
787 3293 866 3337 ex
925 3273 1163 3359 insigni
1207 3272 1423 3337 codice
1468 3270 1865 3356 transscripsi
1908 3273 2158 3358 integra
2203 3275 2376 3359 typis
2423 3273 2829 3340 describenda

452 3399 759 3445 curarem.
856 3375 981 3444 Sed
1025 3397 1257 3463 paucas
1302 3375 1995 3443 animadversiunculas
2035 3381 2441 3463 praemittam
2463 3427 2480 3458 ,
2525 3401 2685 3466 quae
2724 3381 2828 3447 vel

454 3492 599 3570 post
676 3487 1055 3550 novissimas
1133 3484 1439 3549 editiones
1510 3483 1589 3548 ad
1659 3489 1910 3549 textum
1979 3483 2421 3573 Theognideae
2491 3487 2828 3576 farraginis

458 3590 923 3656 emendandum
969 3589 1259 3656 nonnihil
1304 3589 1519 3656 afferre
1565 3591 1734 3655 mihi
1779 3590 2135 3657 videantur.

549 3713 646 3761 vs.
700 3693 785 3759 69
830 3716 925 3780 sq.

730 3802 1030 3879 Μήποτε,
1080 3801 1300 3881 Κύρνε,
1348 3803 1517 3884 κακῷ
1567 3803 1810 3876 πίσυνος
1858 3802 2122 3882 βούλευε
2168 3804 2278 3870 σὺν
2325 3805 2528 3891 ἀνδρί,

730 3904 857 3974 εὖτ’
902 3907 982 3972 ἂν
1027 3909 1347 3973 σπουδαῖον
1394 3912 1635 3989 πρῆγμ’
1684 3907 1902 3992 ἐθέλῃς
1950 3909 2235 3977 τελέσαι.

551 4014 951 4080 Utilissimus
993 4013 1212 4090 index,
1255 4035 1445 4099 quem
1484 4013 1714 4081 Sitzler
1750 4015 2054 4102 opusculo
2095 4037 2210 4083 suo
2247 4017 2529 4102 addidit,
2554 4019 2829 4085 ostendit

462 4128 901 4208 praeterquam
946 4121 1065 4185 hoc
1109 4119 1245 4186 loco
1283 4121 1381 4186 bis
1419 4124 1694 4187 inveniri
1727 4123 2044 4200 βουλεύειν
2085 4144 2180 4189 vs.
2220 4121 2394 4188 1089
2419 4129 2484 4190 et
2506 4145 2600 4190 vs.
2631 4124 2829 4213 1101,

463 4229 775 4312 totiesque
832 4224 1253 4306 βουλεύεσθαι
1317 4247 1409 4292 vs.
1476 4225 1606 4292 633
1654 4233 1720 4292 et
1767 4249 1860 4294 vs.
1915 4229 2106 4295 1052.
2201 4229 2484 4317 Utroque
2529 4231 2666 4298 loco
2711 4234 2830 4300 hoe

464 4331 785 4422 signifieat
838 4333 1168 4398 deliberare
1185 4382 1202 4417 ‚
1250 4333 1525 4398 meditari
1542 4384 1560 4418 ,
1608 4333 1774 4400 illud
1820 4337 2126 4402 consibium
2172 4337 2334 4401 dare.
2427 4335 2666 4404 Verum
2713 4339 2832 4406 hoc

464 4441 603 4506 loco
674 4442 961 4507 activum
1029 4442 1169 4507 vice
1238 4437 1437 4504 medii
1494 4439 1790 4528 fungitur
1853 4449 1918 4510 et
1977 4444 2366 4512 adjectivum
2427 4445 2674 4522 πίσυνος
2720 4453 2833 4514 aut
