3369 5142
1340 374 1722 425 somonam.
2603 352 2724 420 421

672 555 773 621 διὰ
820 556 923 619 τὸν
970 551 1217 633 χρόνον,
1273 557 1399 621 πῶς
1448 546 1615 622 οὗτος
1666 552 1774 614 οὐκ
1818 546 1906 617 ἔς·
1956 545 2214 622 affinem

356 660 654 749 Corrige:
719 661 1197 741 γεραίτερος
1253 665 1317 723 et
1362 657 1938 722 ἀποκλείεται.
2011 654 2118 720 Sic
2167 654 2338 719 idem
2387 653 2735 719 Menander

358 769 522 833 dixit
567 790 630 855 p.
680 768 850 834 261:

764 876 872 938 οὐκ
918 873 1042 941 ἔςιν
1091 871 1253 937 οὐδὲν
1302 869 1671 950 ἀθλιώτερον
1722 869 1982 949 πατρός,

768 982 931 1053 πλὴν
976 976 1171 1057 ἕτερος
1221 976 1297 1042 ἂν
1346 975 1381 1060 ᾖ
1429 976 1719 1042 πλειόνων
1769 976 2006 1043 παίδων
2053 980 2310 1057 vav-»ips

362 1088 643 1156 Verbum
694 1110 817 1156 non
866 1086 1145 1171 amplius
1192 1084 1441 1150 addam.

453 1302 527 1366 P.
578 1300 747 1367 225:
816 1298 1109 1377 ἐπίσημον
1159 1292 1241 1362 αὖ
1288 1298 1399 1373 τὴν
1445 1295 1660 1362 ἀσπίδ’
1711 1298 1794 1366 εἷς
1838 1296 1947 1369 τὴν
1992 1302 2099 1361 τοῦ
2151 1297 2292 1367 Διὸς

819 1406 967 1475 ςοοὶν
1015 1403 1325 1479 ἀνέθηκαν
1374 1452 1391 1481 ,

365 1517 522 1593 fuit,
588 1516 713 1580 nisi
776 1512 993 1595 fallor,
1052 1514 1079 1577 ὃ
1142 1510 1453 1593 ψοφοδεὴς
1517 1532 1553 1575 a
1597 1530 1722 1595 quo
1767 1510 1984 1575 tabula
2029 1531 2258 1576 nomen
2307 1514 2582 1595 accepit,
2631 1514 2743 1598 qui

364 1624 519 1687 haec
576 1622 768 1687 verba
812 1619 1271 1705 pronunciabat
1319 1624 1383 1682 et
1428 1617 1577 1681 hinc
1624 1620 1960 1681 restituere
2005 1618 2232 1682 malim
2283 1622 2555 1702 primam
2606 1638 2744 1702 per-

366 1750 586 1794 sonam
632 1724 1021 1801 ἀνέὸηκα.
1075 1724 1169 1789 De
1215 1724 1503 1789 moribus
1547 1720 1858 1788 Getarum
1903 1722 2250 1788 Menander
2284 1724 2440 1788 dicit
2480 1746 2540 1808 p.
2570 1722 2738 1789 232:

779 1832 855 1899 ἂν
903 1831 1211 1910 τέτταρας
1260 1832 1313 1895 δ’
1362 1831 1395 1906 ἢ
1446 1830 1629 1895 πέντε
1677 1832 2062 1907 γεγαμηκὼς
2109 1828 2280 1909 τύχῃ

777 1946 1176 2019 καιτοιςροφῆς
1226 1961 1346 2013 τις,
1401 1936 1763 2014 ἀνυμέναιος
1810 1933 2101 2007 ἄθλιος

779 2044 1061 2125 ἅνυμφος
1111 2040 1280 2116 οὗτος
1332 2044 1679 2107 &mactari-r*
1727 2042 1788 2105 ἕν
1841 2050 1964 2113 τοῖς
2020 2043 2164 2107 ἐκεῖ.

370 2153 525 2219 Loci
586 2155 899 2218 sententia
945 2158 1161 2237 aperta
1206 2156 1318 2215 est.
1394 2148 1461 2215 Si
1511 2152 1652 2234 quis
1702 2154 1972 2233 quatuor
2018 2155 2266 2213 tantum
2319 2150 2422 2215 vel
2471 2154 2749 2237 quinque

374 2280 599 2325 uxores
659 2260 877 2336 duxit,
944 2260 1081 2323 eius
1132 2264 1405 2323 mortem
1454 2253 1657 2322 Getae
1705 2254 1936 2319 deflent
1981 2260 2282 2341 tanquam
2330 2257 2752 2323 adulescentis

374 2373 437 2429 et
500 2365 796 2431 coelibis:
862 2365 1120 2430 videtur
1170 2365 1251 2427 iis
1300 2362 1698 2440 ἀνυμέναιος,
1753 2360 2070 2442 ἄνυμφοςτ
2118 2364 2236 2429 hoc
2282 2364 2609 2452 intellig-03
2660 2367 2752 2430 vi-

376 2470 560 2537 detur
619 2474 810 2537 etiam
878 2467 1142 2543 ἄθλιοςῗ
1204 2490 1324 2535 non
1393 2468 1598 2535 credo.
1672 2469 2254 2533 Commonstrabam
2322 2491 2525 2554 nuper
2583 2470 2752 2535 hunc

373 2580 585 2646 locum
653 2578 785 2644 filio
850 2598 992 2643 meo
1057 2579 1237 2661 isque
1297 2579 1727 2663 interrogatus
1789 2577 2112 2662 respondit
2171 2599 2222 2641 se
2283 2581 2587 2663 suspicari
2635 2579 2753 2643 sub

376 2686 731 2772 corruptela
787 2684 985 2749 latere
1046 2685 1431 2748 adiectivum
1499 2681 1864 2759 ὥθοέλοιμος.
1961 2683 2389 2750 Mutationem
2453 2687 2747 2764 exiguam

378 2817 510 2859 esse
572 2794 751 2858 vides
812 2811 1015 2874 neque
1078 2789 1365 2855 multum
1412 2809 1517 2854 me
1564 2795 1784 2854 movet
1828 2789 1948 2854 hoc
1997 2789 2386 2855 adiectivum
2435 2799 2756 2876 praeterea

378 2921 503 2966 non
561 2899 866 2974 inveniri,
934 2917 1085 2962 nam
1146 2916 1259 2980 pro
1322 2917 1387 2960 re
1448 2901 1597 2960 nata
1656 2895 1814 2960 talia
1875 2897 2206 2983 finguntur
2250 2905 2314 2962 et
2353 2901 2508 2963 satis
2556 2903 2653 2962 cst
2701 2901 2756 2962 si

380 3007 739 3094 analogiam
812 3005 1179 3069 servaveris.
1290 3000 1489 3066 Aliud
1558 3007 1772 3066 tamen
1837 3003 2002 3067 mihi
2073 3004 2327 3069 videtur
2395 3003 2628 3088 latere,
2693 3013 2757 3069 et

379 3116 657 3199 suspicio
706 3119 831 3189 est,
882 3114 949 3174 in
997 3131 1190 3196 quam
1236 3108 1377 3174 loco
1414 3106 1692 3193 perlecto
1731 3111 1952 3173 statim
1988 3111 2333 3174 incideram
2356 3158 2369 3184 .
2423 3113 2757 3176 restituen-

380 3221 535 3286 dum
584 3241 717 3285 esse
764 3215 1042 3302 ᾔθεος,
1093 3216 1169 3282 de
1217 3236 1339 3302 quo
1388 3215 1699 3280 adiectivo
1741 3213 2050 3281 Gobetum
2103 3217 2247 3281 vide
2291 3216 2534 3282 Mnem.
2575 3215 2752 3281 XIII.

380 3326 530 3392 426.
604 3325 730 3391 Hic
794 3345 1017 3411 operae
1076 3325 1357 3409 pretium
1423 3331 1515 3386 est
1574 3321 1852 3386 Bentleii
1916 3323 2384 3388 emendationes
2430 3324 2770 3408 inspicere·

380 3433 560 3515 Quod
608 3431 797 3498 hodie
844 3430 1087 3496 editur:

790 3537 867 3604 ἄν
913 3537 1224 3616 τέτταρας
1278 3536 1333 3601 δ’
1382 3539 1415 3613 ἢ
1468 3536 1655 3602 πέντε
1705 3539 2092 3615 γεγαμηκὼς
2141 3537 2310 3619 τύχῃ

790 3651 1317 3724 κοοτοιςροφῆς
1365 3667 1497 3718 Τίς,

378 3755 447 3822 id
492 3753 852 3842 Tyrwhitto
898 3752 1193 3830 debetur,
1241 3771 1393 3817 nam
1438 3749 1768 3816 Strabonis
1816 3749 1965 3814 libri
1985 3797 2000 3826 ‚
2052 3753 2163 3835 qui
2201 3751 2382 3815 nobis
2430 3751 2548 3817 hoc
2587 3752 2752 3840 frag·

379 3869 671 3928 mentum
734 3860 1049 3931 servavit,
1110 3859 1347 3922 habent
1410 3859 1539 3922 fere
1586 3855 1756 3938 τύχη
1800 3859 2210 3935 καταςροφή.
2261 3857 2426 3922 unde
2475 3855 2762 3923 Clericus

381 3970 664 4036 ediderat
709 3964 1097 4030 Salmasium
1148 3971 1438 4029 secutus:
1494 3963 1863 4043 κκτοιςρέφῃ
1911 3987 2023 4035 τις.
2120 3963 2261 4029 Non
2307 3967 2519 4050 potuit
2566 3965 2762 4030 latere

382 4073 739 4140 Bentleium
815 4071 983 4158 quod
1055 4070 1244 4135 etiam
1310 4071 1718 4136 mediocriter
1789 4070 2010 4134 doctus
2080 4073 2298 4134 statim
2363 4069 2576 4154 videt,
2640 4070 2762 4136 hoc

380 4180 803 4246 Menandrum
856 4179 1127 4241 scribere
1175 4195 1295 4240 non
1342 4179 1657 4260 potuisse,
1710 4176 1934 4240 deinde
1982 4177 2198 4241 omnia
2243 4177 2556 4252 rimatus,
2613 4180 2762 4261 quia

384 4286 547 4350 nihil
590 4285 823 4350 melius
872 4283 1284 4368 suppetebat,
1335 4284 1570 4366 profert
1615 4281 1960 4348 iocularem
2009 4281 2514 4346 emendationem
2559 4288 2622 4348 et
2644 4302 2759 4368 pro

387 4393 753 4472 καταςροφή
801 4415 922 4467 τις,
976 4388 1265 4454 rescribit
1312 4388 1735 4468 ἀναφρόδιτος.
1809 4385 1980 4474 Lege
2027 4388 2270 4474 igitur,
2321 4388 2560 4472 inquit,

790 4495 864 4565 ἂν
910 4495 1217 4575 τέτταρας
1271 4493 1324 4558 δ’
1372 4495 1405 4570 ἢ
1460 4495 1639 4560 πέντε
1688 4494 2071 4574 γεγαμηκὼς
2118 4491 2320 4574 τύχῃ,
