3369 5142
1524 342 1754 393 PLAro.
2174 344 2180 350 ·
2641 316 2768 384 341

488 519 733 588 Notum
794 521 891 586 est
948 516 1184 604 passim
1248 518 1317 582 in
1375 514 1715 584 Codicibus
1757 517 1924 582 inter
1969 535 2036 581 se
2080 511 2380 580 confundi
2428 550 2508 560 —
2560 511 2770 590 εσθαι,

400 665 487 674 -
534 629 719 692 ασθαι
786 631 850 692 et
898 663 981 674 —
1032 625 1249 692 εῖσδαι.
1312 623 1480 706 Quid
1539 626 1625 690 sit
1681 624 1918 711 ubique
1964 641 2185 690 verum
2233 623 2527 686 contexta
2571 619 2772 687 oratio

398 733 696 802 declarat.

489 947 649 1036 Pag.
720 943 871 1012 333.
922 962 987 1011 e:
1051 943 1161 1010 καί
1222 967 1323 1022 μοι
1389 940 1579 1010 ἐδόκει
1641 942 1669 1006 ό
1735 938 2151 1023 Πρωταγόρας
2199 941 2305 1018 ἤδη
2354 940 2770 1026 τετραχύνθαι

398 1079 467 1119 τε
532 1053 639 1119 καὶ
705 1055 979 1132 ἀγωνιᾶν
1041 1051 1145 1117 καὶ
1210 1051 1706 1134 παρατετΛΕθαι
1757 1049 1900 1130 πρὸς
1948 1047 2018 1113 τὸ
2068 1048 2514 1130 ἀποκρίνεσθαι.
2563 1049 2636 1118 Si
2681 1054 2774 1118 sic

397 1163 464 1227 in
533 1161 830 1227 omnibus
898 1160 1081 1226 libris
1144 1161 1460 1247 legeretur
1517 1156 1953 1244 reponendum
2013 1161 2178 1221 esset
2240 1159 2770 1240 παρατετΛΧθαι.

398 1269 460 1336 Ν
467 1289 586 1334 unc
649 1269 719 1334 id
778 1270 992 1354 ipsum
1041 1265 1189 1332 libri
1236 1265 1539 1332 exhibent
1582 1269 1647 1331 et
1694 1259 2168 1344 παρατετάσθαι
2220 1268 2317 1330 est
2361 1264 2584 1330 infelix
2631 1285 2776 1331 con-

396 1377 639 1441 iectura
727 1374 989 1460 Proprie
1033 1371 1522 1453 παρατετάχθαι
1570 1371 1870 1438 dicuntur
1918 1367 2160 1435 milites
2211 1371 2316 1458 qui
2367 1372 2434 1436 in
2465 1373 2776 1457 procinctu

398 1489 624 1548 stantes
679 1482 796 1545 iam
851 1481 972 1546 iam
1038 1501 1273 1545 manum
1319 1479 1649 1546 conserturi
1693 1487 1857 1545 eunt.
1908 1479 2215 1568 Figurate
2262 1478 2339 1544 de
2385 1480 2468 1544 iis
2514 1481 2774 1564 ponitur

400 1591 511 1675 qui
570 1599 922 1673 νοραφιααι,
980 1591 1345 1664 οόιιίιιιιιύιον,
1410 1587 1824 1652 adversantur.
1918 1586 2295 1674 Protagoras
2366 1585 2772 1654 exacerbatus

399 1694 728 1764 aestuabat
775 1699 836 1760 et
883 1693 1253 1779 respondere
1297 1691 1573 1758 nolebat.

486 1904 645 1994 Pag.
697 1904 848 1972 334.
898 1925 971 1972 a:
1035 1905 1117 1971 τα
1167 1904 1229 1970 δὲ
1275 1903 1488 1983 βουσὶν
1538 1903 1716 1983 μόνον
1761 1903 2140 1993 (ὠφέλιμα),
2187 1905 2272 1971 τὰ
2319 1905 2384 1971 δὲ
2429 1906 2635 1972 κυσίν·
2686 1897 2774 1971 τὶ

398 2010 462 2077 δέ
526 2037 605 2091 γε
662 2010 889 2079 τούτων
936 2013 1051 2093 μὲν
1092 2011 1305 2078 οὖδέΟΙ
1328 2062 1344 2090 ,
1396 2011 1644 2092 δένδροις
1695 2011 1778 2077 δέ.
1823 2011 2035 2088 Quam
2081 2012 2316 2082 vellem
2362 2013 2587 2080 Editor
2631 2012 2772 2080 vul-

398 2123 619 2208 gatam
678 2119 905 2185 οὖδεΝί
964 2120 1271 2186 intactam
1334 2118 1712 2204 reliquisset.
1780 2116 2036 2190 Οὐδένες
2100 2119 2178 2186 de
2224 2119 2592 2186 hominibus
2637 2125 2772 2184 tan-

398 2231 539 2290 tum
629 2226 899 2310 dicitur,
982 2225 1213 2300 οὐδένες
1302 2230 1419 2291 τῶν
1511 2223 1822 2299 Ἑλλήνων
1909 2226 2083 2290 malla
2173 2226 2458 2290 Graeciae
2537 2226 2770 2292 civitas.

395 2333 716 2400 Neutrum
764 2332 974 2398 οὐδένα
1023 2353 1145 2398 11011
1192 2336 1288 2396 est
1333 2331 1670 2398 Graecum.
1711 2330 2092 2400 Rectissime
2139 2335 2355 2398 autem
2402 2330 2481 2398 de
2525 2332 2768 2409 bubus,

395 2440 691 2517 canibus,
741 2441 919 2525 equis
968 2439 1203 2504 dicitur
1248 2437 1475 2504 τούτων
1522 2436 1710 2505 οὐδέν.

486 2658 645 2744 Pag.
710 2654 858 2721 334.
908 2656 983 2719 d:
1049 2654 1255 2729 ἐπειδὴ
1324 2654 1682 2732 ἕπιλῆσμονι
1747 2652 2072 2735 ἐνέτυχες,
2140 2652 2441 2733 σύντεμνέ
2505 2680 2607 2734 μοι
2651 2657 2769 2731 τοὶς

397 2763 743 2843 ἀποκρίσεις
794 2762 923 2848 [καὶ
968 2760 1365 2843 βραχυτέρας
1414 2760 1605 2843 ποίει]
1653 2761 1705 2825 εἷ
1755 2759 1966 2837 μέλλω
2015 2784 2104 2825 σοι
2154 2757 2434 2826 ἕπεο-θαι.
2525 2762 2774 2849 Ecquid

398 2872 660 2934 interest
718 2869 884 2933 inter
942 2867 1241 2943 σύντεμνε
1289 2876 1355 2933 et
1398 2865 1802 2948 βραχυτέρας
1852 2865 2046 2932 mla?
2093 2866 2279 2933 Nihil
2327 2888 2600 2953 prorsus.
2652 2870 2770 2936 Ee·

398 2974 550 3060 quid
606 2996 681 3039 ea
722 2974 916 3041 verba
963 2974 1309 3039 sententiae
1356 2971 1639 3038 addunt?
1689 2972 1933 3059 Ecquid
1980 2972 2083 3039 his
2130 2973 2366 3039 additis
2415 2978 2614 3043 oratio
2660 2998 2774 3041 nu-

396 3082 700 3147 merosior
768 3079 997 3145 accidit
1069 3079 1145 3145 ad
1220 3076 1439 3143 aures?
1506 3078 1781 3145 Minime
1797 3100 1814 3158 3
1879 3082 2082 3168 igitur
2145 3079 2374 3168 ablega
2435 3082 2599 3147 mihi
2667 3082 2772 3147 καὶ

395 3184 798 3269 βραχυτέρας
864 3186 1017 3252 ποίει
1083 3188 1151 3251 in
1209 3188 1567 3275 marginem
1592 3236 1607 3263 ,
1658 3185 1826 3251 unde
1871 3187 1997 3252 huc
2043 3186 2214 3253 male
2258 3188 2484 3273 pedem
2531 3188 2775 3255 intulit.

487 3295 831 3383 Eleganter
874 3292 1211 3379 Euripides
1255 3294 1325 3358 in
1371 3293 1816 3378 Aristophanis
1869 3293 2201 3377 Theaenwph.
2251 3314 2345 3359 vs.
2403 3292 2568 3362 177:

758 3398 1077 3476 Ἀγάθων,
1129 3403 1322 3479 σοφοῦ
1370 3398 1513 3480 πρὸς
1563 3398 1771 3479 ἀνδρὸς
1819 3395 1944 3469 δ’ςις
1994 3399 2054 3463 ἒν
2101 3398 2349 3479 βραχεῖ

760 3504 1025 3579 πολλοὺς
1074 3506 1279 3578 καλῶς
1328 3500 1444 3578 οἶός
1496 3529 1562 3570 τε
1615 3504 1963 3581 συντέμνειν
2013 3503 2260 3583 λόγους.

489 3719 648 3808 Pag.
702 3716 856 3784 335.
909 3741 971 3783 e:
1019 3716 1218 3797 ὥσπερ
1268 3718 1345 3785 ἂν
1383 3720 1433 3784 εἲ
1477 3716 1626 3784 δέοιό
1667 3740 1787 3794 μου
1827 3716 2188 3799 Κρίσωνιτῷ
2219 3718 2498 3801 Ἱμεραίῳ
2522 3716 2774 3787 ἔπεσθαι

401 3828 434 3901 ἢ
483 3833 600 3891 τῶν
648 3822 1088 3904 δολιχοδρόμων
1137 3850 1219 3907 τῳ
1265 3825 1298 3901 ἢ
1337 3828 1457 3890 τῶν
1497 3824 1910 3906 ἡμεροδρόμων
1949 3824 2171 3891 διαθεῖν
2216 3824 2442 3911 [τεκαὶ
2472 3820 2778 3914 ἔοι-εσθαι]

398 3932 795 4021 Ineleganter
841 3930 1185 3997 admodum
1230 3934 1539 4019 repetitur
1586 3928 1836 3996 ἕπεσθαι
1888 3934 1953 3996 et
2000 3930 2069 3997 τὸ
2117 3928 2370 3996 ἕπεσθαι
2421 3936 2778 4003 continetur

400 4041 459 4105 ἐν
506 4040 591 4120 τῷ
641 4036 864 4102 διαθεῖν
910 4059 1037 4100 cum
1084 4038 1285 4119 aliquo
1332 4061 1507 4103 curm
1552 4048 1782 4102 certare
1799 4084 1816 4117 ,
1867 4038 2228 4102 contendere.

486 4248 645 4338 Pag.
711 4246 865 4316 338.
932 4270 1004 4313 a:
1079 4248 1230 4313 αλλ’
1293 4248 1533 4331 ἐφεῖναι
1556 4299 1572 4326 ,
1642 4248 1780 4335 [καὶ
1844 4246 2176 4334 χαλάσαι]
2247 4246 2366 4323 τὰς
2436 4250 2606 4323 ἡνίας
2654 4258 2780 4324 τοῖς

401 4354 630 4434 λόγοις.
693 4356 1039 4422 interestne
1105 4354 1348 4440 aliquid
1412 4358 1579 4421 inter
1624 4356 1867 4436 ἐφεῖναι
1918 4361 1983 4421 et
2026 4352 2372 4437 χαλάσαιῖ
2417 4355 2600 4421 Nihil
2647 4377 2782 4423 om-

397 4464 547 4529 nino
571 4510 587 4541 ‚
637 4461 746 4528 sed
796 4462 1077 4528 scholion
1124 4463 1188 4527 in
1240 4465 1489 4527 textum
1535 4483 1603 4527 se
1648 4462 2004 4528 insinuavit
2051 4461 2148 4543 ἐφ
2171 4468 2290 4526 εῖν
2310 4484 2424 4527 αις
2462 4462 2778 4542 χαλάσαι.
