3369 5142
1364 389 1485 439 rao
1533 391 1784 442 cmm.
2637 371 2767 445 209

377 560 446 626 in
510 559 770 626 homine
834 559 901 626 id
962 562 1191 626 aetatis
1208 611 1227 646 ,
1278 561 1525 630 scilicet
1572 563 1978 631 confirmatae
2023 567 2179 631 iam·
2204 568 2269 632 et
2315 564 2770 633 corroboratae.

380 664 478 734 Cf.
527 667 563 753 ξ
611 664 728 732 43:
789 685 1105 752 „quorum
1153 688 1296 732 cum
1350 668 1818 737 adulescentiae
1865 671 2247 757 cupiditates
2286 669 2768 750 deferbuissent,

384 774 657 838 eximiae
717 773 990 839 virtutes
1047 769 1299 840 firmata
1360 777 1487 839 iam
1534 781 1742 842 aetate
1787 777 2226 844 exstiterunt.”
2315 777 2412 844 De
2459 776 2607 844 Sen.
2658 777 2769 863 20,

387 875 511 944 ¹76:
589 884 780 955 „sunt
848 891 913 944 et
974 879 1255 945 ineuntis
1318 882 1577 959 aetatis3
1642 902 1802 947 num
1862 902 1938 949 ea
1995 887 2286 948 constans
2330 885 2460 948 iam
2505 885 2774 969 requirit

384 989 597 1068 aetas,
647 1004 807 1069 quae
854 984 1067 1050 media
1113 982 1420 1051 dicitur?”
1466 985 1561 1053 Ib.
1622 987 1726 1072 10,
1776 985 1900 1052 33:
1952 989 2280 1076 „gravitas
2317 991 2446 1054 iam
2485 993 2773 1056 constan·

386 1091 471 1154 tis
527 1087 812 1154 aetatis.”
902 1087 1075 1155 Infra
1134 1089 1169 1175 ᾗ
1219 1090 1339 1156 43;
1408 1093 1724 1170 „eximiae
1770 1093 2043 1159 virtutes
2090 1090 2343 1159 firmata
2384 1096 2519 1162 iam
2567 1098 2774 1162 aetate

391 1193 807 1261 exstiterunt”
865 1195 945 1261 cf.
1008 1195 1086 1261 41
1146 1199 1266 1263 sub
1312 1197 1452 1264 fin.:
1511 1219 1677 1277 „non
1725 1199 1916 1265 modo
1961 1200 2115 1265 haec
2165 1205 2368 1278 aetas,
2421 1204 2528 1266 sed
2575 1201 2773 1266 etiam

386 1303 519 1366 iam
568 1299 1025 1368 corroborata.”
1096 1301 1306 1369 Hand.
1357 1303 1538 1370 Turs.
1589 1303 1683 1370 III
1729 1326 1791 1390 p.
1847 1303 2000 1371 143.
2059 1305 2185 1372 Sed
2232 1305 2384 1372 ordo
2428 1305 2772 1372 verborum

386 1409 656 1474 vitiosus
704 1413 799 1474 est
814 1427 832 1486 ;
882 1407 1107 1474 scrib.:
1160 1411 1269 1487 „in
1320 1410 1439 1476 hac
1490 1412 1620 1477 iam
1671 1411 1936 1477 aetate.”
2021 1410 2146 1493 Qui
2164 1461 2182 1489 ,
2232 1412 2400 1497 quod
2446 1413 2768 1498 sequitur,

383 1515 527 1592 πρὸς
589 1515 659 1580 τὸ
706 1513 1049 1592 νοούμενοντ
1098 1514 1291 1580 homo
1343 1516 1412 1580 id
1456 1519 1704 1582 aetatis.
1797 1515 2050 1583 Dicitur
2095 1515 2353 1583 Caelius
2401 1538 2522 1596 „ex
2566 1519 2776 1603 reipu-

382 1621 587 1686 blicae
653 1641 841 1687 causa
904 1621 1241 1687 victoriam
1304 1621 1734 1688 consecutus.''
1825 1622 1952 1688 Res
1985 1622 2239 1712 publica
2285 1625 2417 1689 iam
2465 1623 2774 1710 complec-

388 1729 553 1794 titur
610 1725 777 1793 illud
841 1727 1009 1813 quod
1071 1734 1167 1793 est
1226 1731 1295 1794 in
1342 1752 1565 1806 οαυεας
1612 1749 1713 1794 res
1759 1727 2017 1813 publica
2060 1735 2156 1795 est
2203 1730 2614 1796 commodum
2657 1751 2773 1817 pu-

384 1831 663 1912 blicum,
730 1854 847 1900 nec
911 1833 1211 1899 dixerunt
1268 1833 1547 1899 Romani
1610 1854 1732 1912 „ex
1776 1836 1870 1898 rei
1917 1833 2209 1920 publicae
2255 1834 2478 1902 cause?
2528 1835 2771 1922 aliquid

378 1939 581 2006 facere
604 1989 624 2024 ,
684 1939 794 2005 sed
862 1959 982 2018 „ex
1042 1960 1111 2005 re
1156 1940 1475 2025 publica.”
1574 1937 1990 2028 Significatur
2035 1940 2476 2009 condemnatio
2524 1940 2594 2007 C.
2642 1943 2771 2009 An·

380 2046 542 2112 tonii
560 2094 581 2131 ,
643 2065 834 2131 quem
898 2066 937 2111 a
998 2041 1216 2112 Caelio
1274 2046 1632 2112 maiestatis
1697 2051 2064 2112 accusatum
2125 2047 2361 2112 frustra
2406 2047 2772 2115 defenderat

382 2149 604 2219 Cicero
648 2153 909 2217 ineunte
956 2173 1013 2218 a.
1067 2150 1187 2230 59;
1237 2152 1391 2218 haec
1438 2161 1573 2218 erat
1618 2175 1804 2217 causa
1838 2151 2108 2240 publica.
2157 2152 2231 2218 Id
2269 2152 2769 2232 restituendum;

376 2279 490 2344 pro
550 2281 626 2326 ecc
678 2261 772 2325 rei
803 2258 1087 2348 publicae
1132 2281 1316 2324 cauca
1360 2257 1711 2346 legendum
1754 2281 1830 2324 ex
1866 2257 2116 2344 publica
2160 2281 2362 2323 causa.
2460 2257 2604 2324 Non
2662 2279 2770 2344 po·

379 2366 509 2431 tuit
572 2365 779 2431 dicere
836 2361 1058 2432 Cicero
1121 2365 1715 2431 condemnationem
1776 2362 2048 2428 Antonii
2068 2411 2086 2440 ,
2135 2383 2326 2448 quem
2373 2365 2511 2449 ipse
2556 2363 2768 2431 defen·

378 2471 613 2548 disset,
680 2470 877 2537 fuisse
938 2491 973 2535 e
1018 2491 1087 2536 re
1146 2470 1421 2557 publica.
1471 2469 1654 2536 Rosc.
1707 2470 1856 2536 Am.
1905 2467 1986 2533 21
2007 2517 2022 2546 ,
2080 2467 2165 2534 59
2213 2469 2430 2534 ordine
2474 2471 2762 2537 inverso:

380 2576 589 2664 „quod
638 2584 823 2643 antea
873 2598 1131 2643 causam
1176 2576 1503 2663 publicam
1550 2574 1799 2641 nullam
1847 2573 2180 2641 dixerim.’'
2223 2574 2408 2640 Brut.
2462 2571 2568 2651 48,
2601 2575 2762 2644 1¹78:

378 2684 531 2763 „sed
592 2685 657 2748 in
718 2686 925 2749 causis
988 2682 1264 2770 publicis
1326 2680 1493 2747 nihil
1520 2731 1534 2756 ‚
1584 2682 1652 2745 in
1700 2682 1972 2765 privatis
2017 2682 2170 2746 satis
2215 2684 2535 2747 veterator
2579 2681 2760 2749 vide·

374 2788 617 2855 batur.”
674 2827 758 2839 —
806 2788 1167 2855 Secundum
1230 2792 1552 2873 postrema
1614 2786 1810 2851 verba
1864 2805 2026 2872 quae
2071 2787 2404 2872 exscripsi,
2454 2788 2762 2875 migratio

377 2893 581 2962 Caelii
624 2897 693 2961 in
742 2894 1113 2961 Palatinum
1160 2894 1329 2960 facta
1375 2898 1471 2959 est
1516 2898 1659 2978 post
1707 2892 2062 2957 Antonium
2106 2892 2602 2959 condemnatum
2647 2914 2760 2980 pro

374 3022 498 3089 quo
545 2998 765 3068 Cicero
812 3002 979 3067 dixit
1024 3020 1239 3066 mense
1284 2996 1493 3084 Aprili
1540 3018 1593 3063 a.
1647 2994 1924 3082 6951593
1974 3018 2031 3065 a.
2059 2996 2117 3062 d.
2169 2996 2328 3063 XIII
2363 2997 2512 3065 Kal.
2551 2996 2762 3067 Maias

376 3108 710 3175 transierat
756 3106 835 3173 ad
884 3106 1137 3193 plebem
1184 3103 1447 3171 Clodius
1496 3102 1601 3188 (ad
1646 3100 1787 3168 Att.
1837 3100 1920 3167 11.
1969 3101 2114 3187 12),
2164 3102 2230 3169 id
2278 3110 2494 3170 autem
2543 3125 2616 3172 eo
2656 3106 2759 3173 die

370 3214 613 3280 sactum
662 3218 757 3279 est
775 3262 793 3296 ,
845 3231 971 3297 quo
1018 3208 1238 3277 Cicero
1284 3228 1397 3295 pro
1443 3210 1722 3275 Antonio
1767 3206 2018 3273 dicebat
2053 3208 2194 3293 (pro
2232 3208 2438 3275 Domo
2484 3208 2590 3289 16,
2620 3210 2756 3297 41).

372 3319 440 3385 Si
499 3340 647 3387 vere
708 3318 962 3384 Plinius
1005 3317 1197 3382 refert
1245 3314 1327 3382 N.
1374 3312 1462 3379 H.
1510 3313 1661 3381 VII.
1718 3310 1824 3378 49.
1875 3311 2004 3379 165
2057 3312 2162 3397 (de
2210 3334 2334 3399 quo
2379 3320 2598 3381 tamen
2643 3316 2760 3381 du-

371 3428 640 3511 bitatur)
702 3423 995 3491 Caelium
1050 3428 1275 3488 natum
1340 3442 1473 3486 esse
1536 3418 1604 3487 C.
1673 3418 1886 3485 Mario
1943 3416 2060 3485 On.
2113 3416 2398 3487 Carbone
2443 3416 2540 3485 ΠΙ
2585 3442 2754 3487 cons.

371 3554 428 3597 a.
496 3528 603 3607 82,
668 3528 922 3599 Caelius
987 3536 1129 3595 tum
1194 3546 1389 3595 annos
1448 3526 1723 3592 habebat
1781 3522 1869 3590 23
1888 3573 1907 3608 ,
1951 3528 2016 3589 et
2061 3526 2517 3611 magistratus,
2565 3548 2758 3612 quem

371 3657 446 3702 ea
507 3642 715 3702 aetate
777 3640 921 3721 quis
984 3639 1195 3719 petere
1252 3637 1533 3718 poterat,
1600 3638 1697 3695 est
1763 3630 2008 3694 tribuni
2054 3628 2346 3695 militum
2392 3630 2757 3719 legionibus

370 3748 641 3829 quatuor
706 3744 933 3826 primis
1001 3738 1219 3825 aliqua
1280 3758 1500 3803 earum
1520 3786 1537 3821 ,
1596 3742 1671 3801 ut
1730 3742 1825 3801 est
1888 3738 1957 3800 in
2019 3732 2165 3823 lege
2210 3733 2419 3801 Acilia
2463 3742 2528 3803 et
2574 3736 2752 3804 alibi.

370 3846 467 3917 Cf.
531 3846 932 3924 Mommsen,
994 3844 1387 3912 Staatsrecht
1450 3842 1501 3909 1.
1554 3841 1669 3919 45,
1735 3839 1818 3907 ΙΙ.
1889 3839 2041 3925 541,
2103 3838 2756 3929 Becker—Marquardt

368 3953 489 4125 III1
504 3955 597 4127 9ῗο
646 3951 939 4144 ffgizbant
1008 4060 1179 4123 enim
1249 4056 1381 4122 fore
1442 4058 1671 4120 testem
1693 4102 1712 4138 ‚
1778 4052 1888 4137 qui
1955 4072 2023 4117 se
2079 4050 2422 4137 pontificiis
2467 4058 2750 4122 comitiis

368 4166 695 4253 pulsatum
745 4187 784 4231 a
830 4162 1047 4233 Caelio
1095 4163 1347 4230 diceret.
1355 4160 1389 4187 ”

460 4272 540 4338 In
578 4270 870 4360 catalogo
906 4266 1284 4357 pontificum
1324 4268 1437 4353 qui
1474 4286 1638 4334 anno
1678 4262 1764 4332 5¹7
1806 4262 2128 4332 Ciceronis
2151 4263 2414 4330 domum
2441 4264 2748 4353 religione

372 4378 727 4445 liberarunt
796 4377 901 4461 (de
958 4374 1116 4443 Har.
1181 4374 1371 4459 Resp.
1440 4370 1504 4449 6,
1572 4368 1720 4457 12),
1771 4369 1848 4435 de
1895 4388 2020 4455 quo
2067 4368 2412 4457 diligenter
2457 4374 2750 4457 exposuit

367 4483 747 4572 Marqnardt
796 4482 905 4553 [V.
952 4504 1013 4569 p.
1070 4479 1239 4568 192,
1288 4484 1686 4567 postremum
1729 4476 1946 4543 locum
1989 4474 2234 4543 obtinet
2272 4472 2345 4542 O.
2382 4473 2751 4547 Scribonius

2409 4596 2472 4646 14
