3369 5142
1365 385 1793 438 memma.
2595 369 2720 439 161

344 559 439 625 XI
484 557 593 636 92,
659 559 764 624 cui
836 579 985 624 cum
1057 558 1305 625 Stahlio
1372 558 1876 626 emendationem
1946 561 2174 627 tribuit
2241 558 2500 630 Classen
2524 612 2539 640 ‚
2613 563 2726 648 qui

342 663 585 731 bellum
626 665 904 750 suscepit
945 665 1245 731 adversus
1288 687 1423 730 rem
1464 665 1846 731 evidentem.
1895 666 2209 733 Maiorem
2250 669 2390 734 vim
2424 667 2726 735 videlicet

340 767 777 836 Hermocratis
824 773 1093 837 orationi
1140 771 1318 836 addit
1363 772 1532 836 iners
1576 773 2238 856 interpretamentum.

434 875 521 941 VI
586 873 696 942 77.
773 875 961 941 Ἀλλ’
1036 878 1103 940 οὐ
1167 876 1293 956 γὰρ
1364 875 1435 951 δὴ
1496 876 1605 949 τὴν
1669 883 1788 941 τῶν
1837 875 2186 953 Ἀθηναίων
2231 877 2722 958 εὐκατηγόρητον

346 979 531 1048 οὖσαν
592 981 771 1046 πόλιν
817 987 919 1047 νῦν
960 981 1185 1060 ἥκομεν
1231 983 1701 1063 ἀποφανοῦντες
1751 983 1810 1046 ἐν
1855 981 2070 1048 εἰδόσιν
2116 979 2234 1049 ὅσα
2281 987 2510 1062 ἀδικεῖ,
2561 986 2724 1051 πολὺ

346 1089 409 1154 δὲ
465 1092 715 1166 μᾶλλον
778 1090 944 1166 ἡμᾶς
1008 1089 1231 1159 αὐτοὺς
1279 1086 1701 1165 αἷτιασόμενοι
1748 1085 1840 1153 ὅτι
1889 1087 2220 1170 ἔχοντες
2267 1091 2725 1174 παραδείγ-

348 1217 577 1272 ματα
624 1201 738 1259 τῶν
787 1194 847 1258 τ’
894 1193 1031 1260 ἐκεῖ
1071 1196 1379 1268 Ἐλλήνων
1425 1196 1501 1263 ὤς
1541 1194 1954 1269 ἐδουλώθησαν
1993 1195 2099 1259 οὐκ
2137 1195 2474 1273 ἀμύνοντες
2515 1197 2730 1280 σφίσιν

351 1302 603 1377 αὐτοῖς,
674 1299 778 1364 καὶ
852 1304 952 1364 νῦν
1022 1302 1125 1378 ἐφ’
1205 1302 1373 1376 ἡμᾶς
1443 1299 1657 1364 ταῦτα
1743 1298 2110 1380 παρόντα
2195 1301 2725 1383 σοφίσματα,

347 1407 680 1470 Λεοντίνων
735 1430 807 1470 τε
871 1403 1186 1483 ξυγγενῶν
1241 1407 1609 1476 κατοικίσεις
1658 1405 1761 1470 καὶ
1809 1407 2161 1482 Ἐγες-αίων
2198 1405 2560 1490 ξυμμάχων
2602 1411 2732 1475 ἐπι-

347 1511 625 1596 κουρίας,
673 1512 739 1577 οὐ
786 1508 1205 1593 ξυςραφέντες
1255 1510 1611 1589 βουλόμεθα
1659 1511 2095 1590 προθυμότερον
2137 1511 2335 1588 δεῖξαι
2381 1516 2592 1588 αὐτοῖς
2638 1509 2729 1581 ὅτι

342 1619 449 1682 οὐκ
508 1620 715 1688 Ἴωνες
777 1619 919 1682 τάδ’
975 1617 1123 1682 εἰσίν
1170 1619 1302 1682 κτὲ.
1393 1617 1750 1694 Probabili,
1799 1624 1875 1681 ut
1918 1617 2084 1682 mihi
2132 1618 2388 1703 quidem
2437 1621 2728 1700 videtur,

344 1725 705 1788 coniectura
768 1725 945 1788 Stud.
1008 1723 1183 1788 Thac.
1251 1744 1313 1808 p.
1381 1720 1469 1786 88
1532 1723 1730 1786 statui
1777 1727 1922 1808 post
1966 1723 2242 1802 παρόντα
2285 1725 2369 1789 ob
2415 1724 2728 1792 ductuum

345 1829 841 1894 similitudinem
914 1828 1222 1894 excidisse
1290 1827 1703 1914 participium
1767 1828 2009 1906 ὁρῶντες
2031 1877 2046 1905 ,
2111 1831 2294 1894 cuius
2358 1833 2730 1916 suspitionis

347 1934 595 2000 nullam
660 1935 949 2000 habitam
996 1955 1129 2000 esse
1173 1935 1485 1999 rationem
1535 1933 1820 2020 graviter
1864 1953 1987 1998 non
2032 1934 2298 2012 ferrem,
2346 1938 2402 2001 si
2443 1940 2585 2022 quis
2630 1959 2732 2004 me

346 2039 692 2119 docuisset,
762 2061 888 2125 quo
944 2040 1197 2105 tandem
1260 2045 1447 2124 pacto
1509 2039 1886 2118 σοφίσματα
1935 2041 2204 2125 pendere
2249 2045 2446 2126 possit
2491 2049 2604 2108 aut
2650 2046 2729 2110 ab

346 2144 597 2228 ἔχοντες
645 2153 759 2211 aut
805 2151 885 2212 ab
932 2144 1183 2225 ἔχοντες
1232 2143 1765 2226 παραδείγματα,
1819 2147 2135 2232 siquidem
2175 2147 2292 2213 illa
2329 2149 2728 2229 σοφίσματα,

346 2273 505 2337 quae
572 2252 795 2318 deinde
858 2257 1225 2328 enumerat,
1288 2250 1573 2316 nondum
1638 2253 2137 2332 παραδείγματα
2183 2253 2320 2319 ullo
2367 2255 2556 2321 modo
2601 2256 2730 2322 dici

344 2360 423 2423 ab
469 2359 887 2424 Hermocrate
935 2363 1297 2444 potuerunt.
1394 2355 1708 2443 Suppleto
1752 2363 1968 2424 contra
2013 2358 2183 2443 quod
2220 2359 2355 2424 dixi
2396 2363 2732 2448 participio

344 2467 561 2531 omnia
604 2463 777 2530 clara
823 2463 985 2528 fiunt
1032 2483 1105 2529 ac
1150 2464 1503 2548 perspicua.

434 2569 522 2635 VI
590 2569 699 2647 82,
776 2569 832 2636 3.
910 2569 1015 2636 καὶ
1084 2571 1253 2648 μετὰ
1322 2570 1409 2635 τοὶ
1480 2570 1736 2645 Μηδικὰ
1799 2576 1944 2644 ναῦς
2009 2570 2381 2649 κτησάμενοι
2445 2580 2556 2648 τῆς
2617 2574 2730 2651 μὲν

344 2676 847 2753 Λακεδαιμονίων
895 2677 1095 2756 ἀρχῆς
1142 2676 1249 2741 καὶ
1302 2676 1637 2754 ἡγεμονίας
1689 2676 2166 2755 ἀπηλλάγημεν
2207 2678 2398 2764 (οὐδὲν
2435 2686 2730 2759 προσῆκον

344 2780 593 2859 μᾶλλόν
664 2806 722 2845 τι
796 2783 1053 2854 ἐκείνους
1122 2782 1265 2859 ἡμῖν
1327 2782 1361 2859 ἢ
1428 2784 1534 2847 καὶ
1599 2784 1767 2861 ἡμᾶς
1831 2782 2074 2857 ἐκείνοις
2123 2784 2520 2861 ἐπιτάσσειν,
2568 2785 2732 2858 πλὴν

344 2889 485 2953 καθ’
547 2884 680 2953 ὅσον
744 2888 805 2951 ἐν
850 2891 933 2963 τῷ
977 2886 1231 2967 παρόντι
1278 2886 1560 2975 ἴσχυον),
1614 2888 1790 2955 αὐτοὶ
1841 2889 1902 2954 δὲ
1951 2896 2066 2955 τῶν
2116 2890 2232 2954 ὑπὸ
2279 2890 2545 2969 βασιλεῖ
2588 2889 2730 2971 πρό·

344 3018 510 3077 τερον
585 2992 765 3059 ὄντων
840 2993 1139 3072 ἡγεμόνες
1200 2994 1599 3067 καταςάντες
1661 2997 2074 3079 οἰκοῦμεν,
2137 2996 2500 3073 νομίσαντες
2565 2994 2726 3072 ἥκιστ’

344 3101 421 3165 ἂν
470 3102 585 3167 ὑπὸ
637 3099 1133 3175 Πελοποννησίοις
1179 3098 1364 3172 οὕτως
1411 3096 1565 3165 εἶναι
1590 3150 1606 3173 ,
1647 3100 1908 3179 δύναμιν
1945 3099 2195 3183 ἔχοντες
2233 3100 2270 3183 ᾖ
2307 3103 2726 3182 ἀμυνούμεθα,

344 3208 449 3272 καὶ
523 3208 597 3279 ὡς
678 3206 974 3289 τάκριβὲς
1054 3207 1247 3271 εἰπεῖν
1322 3205 1445 3272 οὐδ’
1522 3206 1746 3278 ἀδίκως
1831 3208 2378 3289 καταστρεψάμενοι
2448 3210 2590 3281 τούς
2659 3233 2732 3275 τε

334 3314 555 3390 Ἴωνας
624 3314 729 3377 καὶ
795 3311 1093 3389 νησιώτας
1157 3313 1285 3378 κτὲ.
1380 3312 1454 3377 In
1512 3313 1878 3398 parenthesi
1935 3316 2119 3398 posui
2179 3315 2374 3379 verba
2428 3312 2594 3379 οὐδὲν
2645 3352 2725 3365 —-

340 3420 591 3501 ἴσχυον.
659 3442 807 3485 cum
870 3420 1123 3485 videam
1180 3421 1397 3485 virum
1456 3419 1525 3483 in
1580 3416 1960 3505 Thucydide
2007 3419 2478 3505 interpretando
2524 3441 2734 3487 versa·

341 3530 667 3593 tissimum
714 3546 827 3611 pro
874 3527 1152 3603 οἰκοῦμεν
1200 3527 1517 3610 requirere
1558 3524 2008 3610 imperfectum
2049 3532 2303 3611 propter
2345 3530 2732 3611 oppositum,

340 3640 417 3697 ut
455 3637 673 3717 putat,
724 3632 955 3711 ἴσχυον.
1050 3632 1247 3697 Recte
1289 3650 1415 3695 non
1460 3632 1822 3715 requirebat
1867 3629 2024 3695 olim
2071 3630 2374 3697 Reiskius
2419 3634 2734 3700 coniciens

343 3742 479 3805 οὐκ
540 3738 1016 3815 ἀδικοῦμεν,
1074 3757 1279 3823 neque
1342 3742 1479 3802 erat
1540 3738 1708 3821 quod
1769 3735 2032 3803 Classen
2089 3746 2422 3823 propterea
2467 3740 2732 3806 reiceret

340 3846 763 3929 suspitionem
828 3845 963 3928 ipse
1010 3863 1230 3928 suam,
1279 3840 1385 3907 cll.
1436 3840 1497 3907 II
1547 3840 1654 3925 37,
1709 3842 1764 3906 1.
1816 3841 1906 3907 VI
1953 3840 2062 3921 92,
2115 3843 2153 3908 5
2201 3842 2548 3930 legendum
2597 3866 2732 3913 esse

344 3950 710 4036 (ἀσφαλῶς)
774 3950 1073 4025 οἰκοῦμεν.
1167 3947 1236 4014 Si
1302 3949 1581 4024 οἰκοῦμεν
1644 3948 2004 4034 corruptela
2062 3953 2288 4013 natum
2355 3956 2486 4034 est,
2558 3950 2732 4017 haud

344 4055 677 4141 displiceat
724 4056 925 4120 mihi:
976 4053 1277 4132 ἡγεμόνες
1328 4053 1724 4125 καταστάντες
1774 4052 2145 4135 ἄρχομεν
2189 4057 2233 4120 i.
2264 4076 2316 4120 e.
2366 4054 2512 4120 τότε
2539 4055 2734 4143 (μετὰ

344 4162 429 4226 τα
478 4161 758 4247 Μηδικὰ)
805 4160 1159 4239 κατέςημεν
1200 4160 1305 4225 κα)
1352 4164 1449 4225 νῦν
1490 4158 1802 4241 ἄρχομεν,
1849 4159 2016 4245 quod
2057 4161 2300 4246 optime
2333 4161 2738 4246 responderet

348 4270 731 4353 praegressis
793 4272 942 4340 ναῦς
994 4266 1367 4345 κτησάμενοι
1414 4274 1525 4341 τῆς
1574 4267 1690 4344 μὲν
1735 4274 1904 4331 Λακ.
1951 4268 2213 4348 ἀρχῆς
2259 4265 2393 4330 καὶ
2443 4268 2734 4343 ἡγεμο-

349 4373 484 4444 νίας
560 4372 1055 4451 ἀπηλλάγημεν.
1132 4370 1227 4438 Cf.
1294 4370 1403 4450 83,
1466 4374 1501 4456 fi
1551 4371 1611 4436 l.
1678 4368 1857 4436 ’Ave’
1917 4367 1994 4435 ὧν
2056 4370 2218 4447 ἄξιοί
2260 4395 2330 4435 τε
2377 4370 2544 4442 ὄντες
2591 4367 2735 4450 ἅμα

347 4476 715 4561 ἄρχομεν
780 4481 906 4543 κτὲ.
1004 4477 1187 4559 Quod
1250 4477 1617 4543 Badhamus
1678 4483 1822 4562 poet
1881 4478 2280 4554 ἀμυνούμεθα
2341 4496 2576 4544 novam
2639 4497 2734 4543 or-

2423 4598 2484 4649 11
