3369 5142
1416 366 1794 415 comcontm.
2655 340 2784 409 427

412 539 480 603 in
550 540 843 605 convivio
912 539 1119 623 adest,
1182 540 1573 623 pronunciat.
1640 537 1716 601 P.
1781 534 1912 599 408
1959 533 2171 601 locum
2223 556 2258 599 a
2305 536 2534 602 Photio
2578 553 2790 599 serva-

414 652 557 711 tum
576 698 595 720 ‚
643 667 809 711 nuno
856 650 951 711 ita
996 645 1288 732 suppleo:

728 754 854 825 τίς
906 760 1043 818 ποτ’
1104 756 1227 823 ἐςὶν
1278 751 1532 841 (οὖτος);
1582 756 1659 823 ὦς
1709 752 2000 831 Ιὁαγδαῒος
2051 749 2448 831 ἐξελήλυθεν.

414 859 487 923 Ρ.
542 858 671 925 414
721 861 1085 951 Memekius
1132 862 1361 928 edidit:

862 970 1096 1049 πρίςις,
1136 968 1573 1051 τραγέλαφος,
1620 966 1935 1045 βατιάκη,
1985 968 2336 1050 λαβρώνιος,

734 1086 800 1137 Β.
852 1076 1333 1156 ἀνδραπόδι’
1386 1076 1515 1151 ἤδη
1566 1073 1760 1138 ταῦθ’
1805 1076 1975 1159 δρᾷςς
2026 1085 2102 1139 A.
2145 1074 2333 1152 ἤνυε-α’
2373 1098 2471 1151 γε.

870 1181 1256 1259 ἐκπωμάτων
1303 1182 1357 1247 δ’
1406 1182 1703 1259 ὀνόματα.

416 1287 727 1353 Athenaei
768 1287 962 1353 codex
1006 1289 1234 1354 habet:
1283 1287 1675 1368 ανδραπόδιον
1721 1286 1828 1361 δή,
1883 1287 2048 1372 quod
2097 1308 2291 1352 manu
2340 1285 2520 1350 ducit
2561 1285 2675 1351 ad:

779 1394 1312 1471 ἀνδραπόδων
1364 1391 1749 1469 nnat&
1795 1394 1963 1477 όρᾷςς
2016 1404 2093 1457 Λ.
2142 1393 2328 1470 ἤκιςοί
2373 1418 2472 1471 γε.

416 1500 617 1566 Vides
677 1520 869 1585 quam
930 1500 1090 1567 lenis
1150 1524 1225 1567 ea
1282 1503 1555 1567 mutatio
1602 1501 1687 1565 sit
1697 1521 1713 1577 3
1763 1520 1958 1564 unam
2001 1500 2448 1566 tantummodo
2493 1498 2795 1566 lineolam

418 1607 652 1672 addidi.
716 1606 949 1672 Itidem
998 1609 1267 1694 parvula
1312 1608 1667 1673 mutatione
1714 1609 1782 1670 in
1829 1609 2155 1692 integrum
2201 1608 2456 1671 restitui
2501 1611 2799 1692 poterunt

419 1713 611 1779 verba
657 1733 815 1798 quae
870 1714 1109 1779 ibidem
1150 1714 1483 1801 leguntur:

789 1820 1067 1891 πολιὸς
1116 1820 1404 1900 τεχνίτης
1457 1820 1579 1887 {clv
1624 1820 1652 1883 ό
1701 1818 1949 1902 χρόνος,
1996 1816 2039 1883 ὦ
2085 1816 2239 1895 ξένε.

780 1928 987 2007 χαίρει
1037 1930 1505 2003 μεταπλάττων
1556 1924 1802 1997 πάντας
1859 1926 1958 1991 ἐπὶ
2009 1930 2093 1991 τὰ
2142 1928 2412 2010 χείρονα.

418 2033 545 2097 Pro
593 2032 797 2105 πολιὸς
848 2040 1200 2099 correctum
1248 2033 1373 2099 fuit
1418 2031 1699 2103 σκολιός.
1752 2032 1855 2097 vel
1893 2032 2143 2111 σκαιός,
2184 2033 2288 2100 vel
2328 2038 2607 2114 φαῦλος,
2647 2058 2797 2123 quo—

420 2162 564 2205 rum
624 2140 789 2205 nihil
855 2140 1122 2223 sufficit,
1172 2162 1283 2205 nec
1329 2139 1537 2204 multo
1585 2140 1794 2225 magis
1841 2139 2073 2203 arridet
2121 2140 2284 2225 quod
2333 2140 2797 2208 Herwerdenus

419 2248 821 2313 commendat
888 2246 1130 2311 Mnem.
1204 2244 1391 2311 XVII
1448 2244 1568 2309 80:
1621 2254 1782 2315 ποῖος
1835 2246 2147 2324 τεχνίτης.
2235 2246 2442 2311 Unius
2501 2246 2793 2315 literulae

416 2357 772 2419 mutatione
810 2353 1201 2419 lucrabimur
1246 2374 1463 2419 veram
1512 2357 1732 2438 poetae
1779 2372 2077 2431 manum,
2122 2372 2282 2439 quae
2319 2353 2473 2419 fuit:
2529 2354 2792 2429 δόλιος

418 2461 733 2541 τεχνίτης.

510 2677 882 2764 Apollodori
929 2677 1142 2743 locum
1192 2679 1283 2740 sie
1330 2679 1582 2761 scripsit
1628 2675 1992 2741 Meinekius
2041 2699 2102 2761 p.
2153 2674 2319 2742 439:

1196 2783 1420 2863 ἑφεξῆς
1462 2783 1736 2861 πώματ’
1786 2781 2213 2861 ἀργυρώματα

866 2890 1175 2967 θηρίκλεια
1225 2889 1327 2952 καὶ
1384 2890 1639 2974 τορευτὰ
1690 2894 2004 2958 πολυτελῆ
2051 2891 2312 2968 ποτήρια

868 2993 1069 3072 ἕτερα.

418 3105 657 3168 Inserta
702 3105 1139 3167 coniunctione
1185 3123 1405 3168 versus
1451 3100 1603 3166 fient
1650 3101 1976 3186 aliquanto
2021 3104 2514 3180 numerosiores,
2565 3107 2691 3169 sic:

1146 3207 1371 3288 ἐφεξῆς
1422 3209 1699 3287 στρώματ’
1751 3210 2180 3287 αργυρώματα

871 3313 1055 3400 (καὶ)
1108 3317 1418 3394 θηρίκλεια
1465 3315 1571 3380 καὶ
1614 3315 1869 3394 τορευτὰ
1919 3323 2234 3388 πολυτελῆ

881 3422 1111 3499 ποτήρι’
1159 3419 1361 3498 ἕτερα.

418 3529 539 3594 Sed
602 3530 914 3615 exig-uum
964 3529 1084 3592 hoe
1136 3529 1370 3593 vitium
1424 3535 1520 3593 est
1568 3549 1716 3612 prae
1765 3531 1949 3615 gravi
1996 3526 2260 3601 mend0‚
2304 3526 2470 3612 quod
2506 3527 2802 3594 relictum

419 3635 542 3698 fuit
590 3657 648 3719 p.
706 3634 855 3700 442.
906 3633 1211 3719 Disputat
1268 3635 1361 3698 ibi
1408 3636 1616 3698 nescio
1665 3637 1808 3718 quis
1855 3634 2183 3698 barbaram
2235 3654 2403 3706 esse,
2445 3653 2568 3698 non
2605 3632 2789 3702 Grae-

418 3761 560 3806 cam
610 3741 963 3805 Fortunam
1004 3741 1235 3826 Deam,
1260 3723 1267 3730 ³
1288 3763 1445 3828 quae
1493 3738 1767 3815 Graecos
1815 3747 2202 3805 transversos
2248 3746 2432 3828 agat:

1142 3855 1267 3919 πῶς
1318 3849 1442 3925 γὰρ
1492 3851 1740 3924 μᾶλλον
1788 3846 1864 3911 ἂν
1914 3847 2223 3925 προείλετο

764 3951 1005 4025 Ἕλλην
1054 3951 1299 4027 ἀληθῶς
1346 3948 1501 4018 οὖσα
1549 3953 2055 4028 λεπομένους
2096 3955 2236 4031 δρᾶν

776 4059 999 4131 αὐτοὺς
1052 4061 1162 4142 ὑφ’
1204 4063 1403 4126 αὐτῶν
1452 4061 1555 4125 καὶ
1610 4061 2124 4130 καταπίπτοντας
2173 4060 2444 4144 νεκρούς,

778 4165 908 4243 ε’ξὸν
954 4168 1197 4246 ἱλαροὺς
1243 4167 1583 4248 παίζοντας
1634 4167 2122 4238 ὑποπεπωκότας

776 4275 1186 4348 αὐλουμένους
1209 4296 1222 4342 2
1849 4341 1860 4360 ,
2064 4277 2066 4280 ’

418 4379 623 4444 Nihili
693 4387 789 4446 est
836 4379 1242 4464 λεπομένους,
1289 4381 1395 4445 sed
1444 4401 1586 4445 cum
1638 4379 1785 4445 libri
1831 4381 2063 4444 ducant
2113 4378 2190 4444 ad
2235 4379 2648 4464 λυπομένους,
2697 4403 2792 4448 sa-

420 4491 503 4552 tis
556 4493 697 4554 tuto
742 4488 1257 4554 emendabimus:
