3369 5142
657 287 791 362 202
1084 305 1089 311 ’
1746 315 1967 365 emano

654 487 917 554 Lutatia
938 536 955 566 ,
1020 507 1144 553 non
1206 487 1468 554 Plautia
1482 507 1500 566 ;
1551 509 1756 573 neque
1803 491 1974 554 enim
2025 510 2138 574 per
2183 489 2514 554 Lutatiam
2559 488 2866 574 abrogata
2913 489 3058 551 erat

656 593 1009 678 antiquior,
1076 593 1185 659 sed
1246 595 1313 658 in
1377 613 1633 658 summo
1688 597 1844 680 reip.
1911 595 2280 660 discrimine
2327 593 2736 670 confirmata,
2789 593 3062 658 adiectis

658 698 1039 784 quibusdam
1108 699 1185 765 de
1244 700 1462 765 ordine
1506 700 1732 766 iudicii
1779 703 2089 767 severiore
2139 706 2204 766 et
2252 702 2537 766 breviore
2588 700 2690 785 (de
2735 699 3062 764 iudicibus

658 805 932 870 editiciis
979 805 1243 872 fortasse
1291 812 1440 872 sunt
1486 806 1918 893 intellegenda
1967 829 2127 891 quae
2171 806 2478 894 leguntur
2517 826 2629 892 pro
2663 805 2846 871 Sulla
2883 805 3058 889 §92

659 909 736 976 de
803 914 1171 996 quaestione
1234 932 1563 978 servorum
1610 913 1686 976 cf.
1739 913 1824 976 ib.
1880 911 2014 995 73).
2113 913 2296 977 Idem
2343 913 2546 998 igitur
2592 913 2834 976 factum
2885 909 3060 996 quod

656 1017 727 1080 in
776 1015 1028 1102 legibus
1072 1014 1416 1102 Calpurnia
1455 1024 1519 1082 et
1556 1016 1772 1082 Tullia
1811 1018 1888 1082 de
1927 1019 2211 1093 ambitu,
2253 1037 2521 1101 quarum
2561 1016 2760 1082 altera
2784 1016 3054 1081 alteram

658 1122 1054 1201 intenderat,
1123 1144 1237 1188 1180
1281 1127 1437 1188 88118
1483 1123 1669 1188 video
1716 1143 1940 1188 causae
1987 1145 2100 1186 cur
2142 1124 2362 1188 ambas
2410 1141 2523 1206 pro
2569 1143 2699 1186 una
2745 1121 3054 1196 habeam,

662 1251 814 1294 cum
877 1232 1252 1314 praesertim
1316 1229 1393 1294 de
1457 1229 1599 1316 lege
1664 1229 1920 1293 Lutatia
1983 1229 2144 1293 nihil
2202 1234 2446 1293 constet-
2494 1226 2671 1292 aliud
2719 1227 2841 1290 nisi
2889 1226 3060 1310 quod
3113 1297 3116 1299 Α

658 1337 729 1400 in
806 1336 923 1399 hac
1004 1338 1283 1401 oratione
1359 1334 1473 1398 1.1.
1556 1336 1816 1422 legitur.
1929 1334 2184 1399 Scilicet
2260 1335 2562 1418 Lutatia,
2643 1335 2906 1418 probata
2991 1337 3060 1398 in

662 1447 953 1518 „armata
1000 1441 1243 1506 civium
1292 1440 1728 1516 dissensione”,
1779 1461 1938 1525 quae
1987 1447 2414 1518 memoratur,
2469 1439 2658 1524 §¹70,
2703 1461 2852 1503 cum
2894 1441 3068 1504 iudi·

658 1549 833 1612 cium
898 1547 1467 1612 extraordinarium
1524 1549 1908 1623 institueret,
1949 1545 2202 1612 sublata
2239 1567 2428 1612 causa
2468 1567 2661 1632 quare
2707 1546 2841 1613 lata
2878 1554 3054 1630 erat,

660 1651 1059 1739 aliquamdiu
1122 1657 1398 1739 seposita
1459 1675 1592 1720 8888
1639 1653 1921 1734 videtur,
1973 1651 2169 1718 donec
2223 1653 2340 1736 „ad
2385 1651 2708 1718 fumantes
2754 1653 3064 1738 reliquias

660 1761 1115 1826 coniurationis
1184 1759 1595 1825 Catilinariae
1664 1757 2197 1847 exstinguendas''
2257 1759 2472 1824 subito
2535 1763 2855 1844 protracta
2919 1764 3018 1824 est
3037 1811 3058 1832 ‚

500 1853 526 1866 ‘
658 1871 733 1930 ut
793 1865 959 1931 nihil
1020 1866 1377 1950 suspicante
1438 1870 1702 1950 patrono
1761 1863 1980 1930 Sullae
2047 1866 2400 1950 „repentini
2459 1867 2528 1928 in
2591 1863 2846 1930 Sullam
2907 1885 3059 1930 0011-

658 1971 937 2036 sederint
1002 1970 1245 2036 iudices
1302 1972 1381 2037 ab
1446 1971 1918 2036 accusatoribus
1971 1970 2197 2036 delecti
2259 1970 2336 2036 ad
2403 1991 2582 2055 spem
2651 1971 3060 2036 acerbitatis’'

660 2076 905 2142 editicii
962 2097 1211 2161 nempe.
1308 2075 1531 2160 Itaque
1594 2075 1738 2163 lege
1801 2089 1914 2140 aut
1959 2076 2217 2142 Plautia
2265 2082 2378 2142 aut
2425 2075 2690 2140 Lutatia
2739 2078 3060 2142 coniurati

664 2180 979 2248 Catilinae
1025 2184 1302 2248 accusati
1349 2203 1482 2248 esse
1530 2183 1864 2266 dicuntur,
1911 2182 2532 2248 Pseudo-Sallustius
2579 2184 2646 2247 in
2693 2180 2827 2249 Cic.
2883 2186 2941 2260 1,
2987 2185 3050 2260 3,

660 2286 923 2353 Sallust.
974 2286 1167 2352 Catil.
1218 2287 1301 2353 31
1354 2286 1498 2352 coll.
1542 2284 1876 2354 Caelianae
1908 2287 1952 2352 1.
1978 2287 2020 2352 l.
2063 2287 2368 2373 Amplius
2406 2288 2484 2353 (18
2523 2288 2644 2352 1100
2669 2295 3049 2374 argumento

658 2393 1029 2478 disputandi
1090 2392 1296 2458 otium
1362 2392 1515 2458 fecit
1573 2392 1738 2458 Rein
1761 2441 1777 2470 ,
1847 2391 2337 2460 Criminalrecht
2393 2415 2457 2479 p.
2513 2393 2665 2459 738.
2715 2391 3052 2479 Copiosius

658 2497 927 2585 Zumpt,
981 2497 1477 2565 Criminalrecht
1522 2498 1599 2564 11.
1660 2502 1718 2564 l.
1767 2521 1827 2586 p.
1879 2498 2048 2577 266,
2101 2519 2260 2587 sqq,
2307 2501 2620 2587 quaedam
2669 2506 2923 2585 tamen,
2973 2507 3052 2565 ut

656 2607 821 2672 mihi
881 2607 1173 2691 videtur,
1234 2606 1581 2673 admodum
1630 2605 1824 2671 dubia
1873 2606 2262 2692 admiscens,
2311 2614 2386 2672 nt
2432 2629 2580 2673 cum
2630 2608 2790 2675 dicit
2833 2606 3046 2694 legem

656 2713 986 2779 Plautiam
1049 2714 1443 2779 senatoribus
1491 2718 1555 2777 et
1604 2714 2119 2799 magistratibus,
2169 2712 2500 2779 Lutatiam
2547 2715 2845 2780 omnibus
2893 2716 2987 2779 civ
2999 2716 3050 2779 i·

655 2818 775 2884 bus
820 2822 1125 2903 scriptam
1172 2839 1326 2884 8888.
1374 2818 1547 2883 Mira
1592 2823 1690 2883 est
1737 2820 2048 2883 sententia
2085 2818 2320 2905 Langii
2359 2818 2544 2885 Ram.
2571 2819 2702 2885 Alt..
2731 2819 2795 2885 11
2819 2842 2878 2904 p.
2910 2818 3044 2885 619

654 2926 993 2989 statuentis
1062 2922 1275 3011 legem
1347 2924 1546 2989 latam
1612 2944 1746 2988 esse
1807 2944 1844 2989 a
1903 2925 2159 2989 tribuno
2205 2924 2464 2990 Plautio
2483 2975 2504 3005 ,
2555 2946 2742 3011 opem
2803 2926 3044 2992 ferente

653 3030 910 3095 consule
954 3029 1216 3096 Lutatio
1263 3036 1327 3095 et
1372 3030 1519 3095 inde
1566 3029 1756 3095 modo
1802 3029 2127 3095 Plautiam
2175 3031 2364 3096 modo
2409 3032 2744 3097 Lutatiam
2777 3033 3040 3098 dictam.

740 3136 775 3219 ς
828 3134 886 3200 1.
940 3156 1133 3213 „cum
1178 3136 1397 3201 audiat
1426 3174 1509 3183 -
1535 3134 2006 3201 adulescentem
2053 3134 2310 3201 inlustri
2355 3139 2614 3225 ingenio
2633 3186 2650 3221 ,
2699 3137 3038 3223 industria,

647 3240 857 3327 gratia
918 3244 1201 3307 accusari
1264 3243 1341 3307 ab
1402 3243 1540 3307 eius
1599 3240 1766 3319 filio,
1832 3261 2024 3325 quem
2069 3242 2204 3325 ipse
2251 3244 2320 3307 in
2367 3242 2684 3308 iudicium
2733 3249 2799 3309 81
2848 3250 3038 3310 vocet

646 3350 711 3411 et
754 3350 1033 3431 vocarit,
1081 3348 1435 3435 oppugnari
1482 3354 1696 3413 autem
1744 3348 1970 3432 opibus
2017 3350 2432 3433 meretriciis,
2495 3350 2661 3413 illius
2723 3352 3036 3435 pietatem

644 3471 769 3517 non
832 3454 1272 3541 reprehendat,
1343 3453 1728 3519 muliebrem
1797 3452 2134 3518 libidinem
2205 3456 2748 3539 comprimendam
2815 3468 3032 3543 putet,

645 3578 758 3623 vos
820 3556 1161 3625 laboriosos
1218 3561 1557 3637 existimet,
1609 3559 1843 3642 quibus
1891 3559 2110 3624 0110818
2155 3582 2236 3625 118
2285 3565 2354 3626 111
2399 3564 2721 3628 communi
2771 3561 3034 3647 quidem

644 3666 778 3729 otio
823 3664 1015 3731 liceat
1058 3664 1252 3731 esse.”

732 3770 1263 3856 Perspicuitatem
1312 3776 1377 3835 et
1422 3768 1808 3856 elegantiam
1853 3769 2220 3838 Tullianam
2268 3776 2337 3836 18
2385 3775 2486 3838 1118
2525 3773 2844 3853 desidero;
2887 3794 3031 3841 con-

639 3878 940 3945 formatio
996 3878 1169 3941 enim
1217 3874 1457 3961 periodi
1505 3873 1652 3941 talis
1699 3881 1795 3940 est
1811 3925 1829 3959 ,
1879 3883 1955 3941 81
1997 3897 2345 3962 pronomen
2393 3880 2491 3943 ille
2539 3879 2616 3944 de
2665 3885 3027 3945 accusatore

637 3987 751 4051 vix
797 3989 966 4049 recte
1012 3982 1261 4047 dicatur
1278 4001 1296 4059 ;
1340 3981 1622 4066 requiro:
1673 3984 1835 4069 „filii
1865 3984 2238 4068 pietatem’',
2280 3985 2438 4051 11880
2474 3994 2644 4051 recte
2685 3989 3026 4071 opponitur

638 4091 925 4157 muliebri
988 4088 1263 4153 libidini.
1356 4090 1524 4153 Ante
1582 4088 1752 4168 illim
1813 4088 1962 4153 libri
2020 4091 2254 4157 habent
2322 4090 2648 4177 Atratini,
2713 4102 2878 4158 recte
2941 4094 3023 4159 ab

636 4196 985 4263 editoribus
1047 4199 1350 4279 spretum.
1446 4193 1643 4259 Porro
1691 4194 1914 4261 dubito
1962 4216 2041 4261 an
2085 4198 2516 4262 omittendum
2564 4202 2648 4264 sit
2693 4201 3020 4265 existimet.

636 4303 711 4368 In
778 4304 1120 4389 proximis:
1189 4302 1467 4377 „etenim
1530 4302 1583 4365 si
1646 4301 1970 4367 attendere
2031 4302 2404 4390 diligenter,
2459 4306 2825 4370 existimare
2871 4326 3022 4371 vere

635 4411 715 4477 de
784 4412 961 4476 omni
1022 4410 1138 4473 hac
1200 4428 1389 4471 causa
1452 4406 1819 4491 volueritis,
1883 4413 1974 4473 sic
2034 4408 2474 4475 constituetis'’
2538 4411 2646 4473 illa
2707 4414 3020 4477 attendere
