3369 5142
1336 412 1759 463 rnncrmnss.
2605 396 2731 463 143

350 578 540 649 εἶναι·
596 586 824 666 ἀσαφῆ
873 585 1000 666 γὰρ
1046 586 1152 649 καὶ
1203 588 1284 665 τῷ
1334 586 1508 665 τύπῳ
1547 592 1658 659 τῆς
1702 587 2020 665 ἑρμηνείας
2055 587 2159 651 καὶ
2202 597 2327 663 τοῖς
2367 589 2729 667 διανοήμασι

347 689 540 754 πολὺν
605 692 992 769 ἐμφαίνοντα
1054 694 1158 756 τὸν
1219 692 1632 773 νεωτερισμόν.
1730 691 2083 759 verissima
2136 695 2293 761 haec
2338 701 2510 762 sunt.
2606 694 2733 761 Sed

345 797 516 863 unde
579 798 836 863 tandem
905 818 978 863 ea
1038 799 1208 864 male
1269 799 1496 884 pedem
1560 798 1687 863 huc
1746 797 2146 865 intulerunt?
2237 800 2302 867 N
2305 822 2384 867 on
2440 820 2733 888 premam

345 905 768 988 suspicionem
840 924 1003 990 quae
1073 905 1237 970 mihi
1305 905 1462 970 haec
1522 908 1775 989 saepius
1836 906 2255 971 consideranti
2316 910 2384 972 in
2444 912 2731 973 mentem

343 1010 544 1075 venit.
637 1007 939 1094 Suspicor
1003 1031 1137 1075 esse
1182 1010 1400 1076 locum
1446 1007 1745 1094 Philisti,
1793 1030 1982 1096 quem
2032 1014 2427 1078 imitatorem
2473 1011 2733 1099 Thucy·

345 1114 514 1179 didis
571 1119 636 1179 et
704 1138 925 1199 „paene
973 1117 1269 1200 pusillum
1322 1114 1747 1201 Thucydidem”
1792 1118 2033 1182 scimus
2078 1117 2296 1183 fuisse.
2388 1117 2466 1182 In
2512 1117 2729 1203 aliquo

342 1223 599 1285 vetusto
659 1218 889 1286 Codice
949 1222 1127 1288 locus
1189 1224 1269 1287 ob
1332 1224 1699 1310 argumenti
1748 1221 2065 1307 quandam
2116 1222 2613 1289 similitudinem
2658 1226 2729 1289 in

343 1326 636 1412 margine
700 1325 1056 1413 adscriptus
1120 1327 1378 1393 videtur
1437 1329 1765 1413 irrepsisse
1816 1331 1884 1392 in
1933 1325 2197 1394 Codices
2240 1335 2485 1395 nostros
2502 1376 2519 1408 ‚
2571 1349 2728 1415 quos

342 1434 498 1499 satis
543 1437 791 1498 constat
837 1453 1056 1499 omnes
1103 1454 1178 1498 ex
1227 1453 1354 1498 uno
1399 1432 1572 1498 fonte
1616 1432 1895 1498 fluxisse.

432 1538 574 1604 Non
638 1547 818 1603 erant
877 1538 1275 1626 Thucydidis
1323 1537 1634 1616 ἐξηγηταί
1649 1585 1665 1613 ,
1716 1558 1987 1623 quorum
2036 1558 2265 1624 paucas
2311 1538 2612 1624 reliquias
2656 1540 2727 1606 in

338 1641 614 1709 Scholiis
660 1644 968 1710 habemus
989 1691 1006 1721 ‚
1055 1649 1189 1711 tam
1240 1644 1412 1710 docti
1453 1652 1528 1710 ut
1565 1643 1831 1709 Philisti
1865 1644 2062 1709 libros
2098 1643 2329 1731 legisse
2368 1647 2725 1712 existimari

337 1751 602 1836 possint.

431 1961 726 2048 Thucyd.
774 1960 896 2027 HI.
946 1959 1053 2027 88.
1107 1964 1165 2025 3.
1219 1960 1524 2041 νομίζουσι
1575 1963 1627 2027 δ’
1676 1962 1729 2026 οἱ
1775 1961 1969 2041 ἐκείνῃ
2016 1958 2307 2039 ἄνθρωποι
2346 1960 2407 2023 ἐν
2444 1968 2524 2043 τῇ
2562 1965 2721 2045 Ἱερᾷ

339 2071 416 2141 ὦς
482 2070 509 2132 ὁ
569 2070 886 2149 Ἧφαιςος
935 2068 1261 2151 χαλκεύει.
1357 2066 1749 2133 Valckenaer
1791 2070 1859 2131 in
1904 2067 2307 2132 annotatione
2355 2068 2465 2131 Ms.
2510 2071 2725 2131 totum.

335 2175 554 2242 locum
625 2173 925 2254 νομίζουσι
973 2176 1034 2240 δὲ
1086 2214 1166 2223 -
1218 2174 1324 2239 καὶ
1372 2174 1480 2246 τὴν
1533 2172 1763 2253 ἡμέραν
1808 2172 2039 2237 καπνόν
2088 2174 2381 2257 spurium
2428 2192 2561 2238 esse
2605 2192 2723 2258 pu·

338 2286 434 2347 tat
479 2286 544 2347 et
589 2301 717 2346 una
762 2281 960 2347 litura
1005 2280 1370 2347 delendum.
1426 2278 1499 2344 Si
1546 2278 1943 2365 Thucydidis
1986 2279 2143 2344 haec
2184 2286 2333 2343 sunt
2376 2276 2721 2365 legendum

335 2387 592 2457 videtur
654 2388 712 2450 ἐν
777 2397 854 2471 τῇ
917 2392 1078 2472 Ἱερᾷ
1143 2387 1245 2452 τὸν
1303 2388 1620 2468 Ἥφαιςον
1663 2383 2037 2465 χαλκεύειν,
2094 2403 2368 2468 namque
2413 2382 2721 2471 vulgatus

337 2491 488 2559 ordo
536 2492 848 2559 absurdus
893 2498 1008 2559 cst.

423 2597 760 2668 Praeterea
805 2601 938 2667 ἐκεῖ
978 2620 1091 2687 pro
1140 2599 1333 2682 ἐκείνῃ
1379 2597 1812 2683 reponendum
1859 2599 1997 2663 erit.

429 2809 720 2897 Thucyd.
779 2811 904 2878 ΙΠ.
954 2811 1064 2877 92.
1115 2811 1176 2878 5.
1230 2817 1458 2891 πρῶτον
1504 2811 1615 2887 μὲν
1665 2807 1765 2875 οὖν
1810 2811 1871 2874 ἕν
1920 2817 2199 2890 Δελφοῖς
2244 2811 2348 2875 τὸν
2395 2810 2523 2876 θεὸν
2570 2809 2722 2886 ἐπή-

334 2939 522 2996 ροντο.
573 2920 708 2983 imo
754 2939 904 2984 vero
947 2919 1048 2985 τὸν
1095 2919 1156 2982 ἐν
1205 2924 1482 2998 Δελφοῖς
1535 2915 1662 2982 θεόν
1711 2921 1787 2982 ut
1832 2916 1882 2981 1.
1944 2915 2091 2980 134.
2143 2918 2170 2981 ὅ
2220 2919 2346 2989 θεὸς
2386 2919 2413 2983 ὃ
2454 2918 2515 2982 ἐν
2554 2927 2723 2982 Δελ-

336 3029 502 3102 φοῖς.
566 3030 630 3088 et
697 3023 774 3089 V.
827 3023 934 3090 52.
986 3029 1092 3089 τοῦ
1141 3025 1204 3089 ἐν
1255 3030 1532 3104 Δελφοῖς
1582 3025 1713 3086 θεοῦ
1762 3024 2148 3107 χρήσαντος,
2196 3028 2263 3090 et
2307 3025 2401 3090 sic
2450 3026 2723 3109 saepius.

329 3129 411 3195 In
477 3127 746 3217 vulgato
817 3129 1035 3196 ordine
1098 3131 1159 3194 ἐν
1225 3134 1506 3211 Δελφοῖς
1569 3130 1981 3194 coniunctum
2048 3134 2144 3194 est
2192 3149 2341 3195 oum
2396 3131 2681 3211 ἐπήροντο
2704 3179 2725 3216 ,

334 3238 519 3321 quasi
561 3235 844 3323 Pythius
890 3235 1122 3322 Apollo
1170 3235 1366 3302 etiam
1413 3233 1570 3300 alibi
1618 3233 1865 3300 consuli
1908 3236 2241 3319 potuisset.

424 3446 716 3533 Thucyd.
777 3447 902 3512 III.
973 3446 1082 3512 93.
1146 3447 1339 3512 αἴτιον
1401 3447 1454 3512 δ’
1505 3443 1572 3522 ἦν
1619 3443 1682 3510 οἵ
1719 3469 1791 3509 τε
1843 3445 2157 3511 Θεσσαλοὶ
2210 3429 2294 3492 ’-
2346 3447 2451 3512 καὶ
2499 3443 2575 3512 ὦν
2624 3448 2725 3513 ἐπὶ

334 3561 410 3632 τῇ
485 3562 570 3633 γῇ
642 3553 916 3632 ἐκτίζετο
978 3543 1352 3633 φοβούμενοι
1416 3553 1505 3629 μὴ
1571 3551 1755 3629 σφίσι
1818 3548 2079 3630 μεγάλῃ
2142 3549 2327 3630 ἶσχύῖ
2368 3559 2729 3633 παροικῶσιν

335 3655 624 3737 ἔφθειρον.
719 3656 1103 3723 Hei-werden
1167 3659 1535 3723 substituit:
1610 3657 1806 3722 αἴτιον
1857 3657 1907 3721 δ’
1958 3651 2059 3729 ἦν·
2107 3657 2157 3720 οἱ
2208 3667 2361 3724 ΓΛΡ
2415 3660 2731 3725 Θεσσαλοί

335 3764 466 3828 κτὲ.
534 3769 610 3828 ut
668 3763 902 3828 dicitur
965 3771 1214 3839 σημεῖον
1274 3762 1338 3828 δέ
1362 3812 1376 3840 ,
1429 3763 1757 3844 μαρτύριον
1804 3761 1900 3839 δέ,
1953 3763 2271 3842 τεκμήριον
2321 3763 2383 3829 δέ
2433 3771 2731 3850 sequente

342 3866 491 3949 γάρ.
585 3867 770 3934 Nihil
826 3888 960 3932 esse
1007 3869 1392 3933 mutandum
1435 3869 1545 3934 sed
1595 3869 2117 3952 compositionem
2168 3869 2331 3934 hanc
2376 3889 2511 3935 esse
2557 3870 2732 3936 Thu·

341 3973 678 4062 cydideam
730 3973 797 4038 hi
845 3972 969 4038 loci
1018 3972 1368 4039 declarant:
1422 3973 1533 4039 IV.
1584 3971 1695 4039 26.
1737 3973 1798 4038 5.
1840 3973 2031 4038 αἴτιον
2072 3973 2122 4038 δ’
2166 3969 2233 4046 ἦν
2260 3973 2730 4053 Λακεδαιμόνιοι

341 4079 733 4160 προειπόντες
785 4081 847 4151 ἐς
897 4079 1007 4152 τὴν
1059 4087 1230 4152 νῆσον
1277 4079 1532 4158 ἐσάγειν
1579 4088 1747 4144 σῖτον
1790 4079 1891 4143 τὸν
1932 4078 2327 4158 βουλόμενον.
2367 4086 2435 4146 et
2458 4079 2638 4147 VIII.
2667 4081 2730 4148 9.

345 4185 538 4252 αἴτιον
601 4185 651 4250 δ’
714 4185 962 4264 ἐγένετο
1019 4194 1130 4259 τῆς
1179 4185 1492 4260 ἆποςολῆς
1541 4193 1658 4250 τῶν
1706 4193 1846 4250 νεῶν
1893 4186 1945 4249 οἱ
1992 4187 2209 4250 πολλοὶ
2258 4187 2376 4252 τῶν
2422 4188 2579 4252 Χίων
2626 4189 2733 4253 οὐκ

347 4291 576 4362 εἰδότες
623 4291 709 4356 τὰ
756 4289 1184 4370 πρασσόμενα.
1277 4289 1662 4357 Scholiasta:
1715 4291 1909 4356 αἴτιον
1958 4290 2012 4355 δ’
2062 4291 2302 4368 ἐγένετο
2350 4300 2459 4366 τῆς
2508 4295 2733 4361 ἆτος-ο-

351 4403 465 4469 λῆς
535 4403 650 4462 τῶν
715 4404 854 4461 νεῶν
916 4399 986 4462 τὸ
1033 4397 1173 4469 τοὺς
1220 4396 1486 4468 πολλοὺς
1535 4399 1623 4474 μὴ
1673 4395 1894 4462 εἰδέναι
1944 4396 2027 4461 τοὶ
2076 4396 2503 4477 πραττόμενα.
2593 4395 2735 4464 Hoo

354 4502 543 4569 modo
601 4500 827 4570 Graeci
878 4523 1093 4569 omnes
1139 4502 1593 4589 loquebantur.
1643 4501 1759 4568 illo
1807 4502 1997 4569 modo
2042 4502 2215 4568 solus
2262 4501 2689 4592 Thucydides.
