3369 5142
1228 345 1451 394 novmr
1495 343 1987 394 rasi-mmm.
2665 325 2796 394 327

422 520 693 606 conjecit
759 525 1166 599 προσελῶντος
1184 565 1202 595 ,
1276 518 1343 583 id
1410 519 1547 598 iure
1608 515 1938 602 displicuit
1984 514 2387 582 Marklando.
2481 515 2797 596 Quoniam

423 633 639 691 autem
686 624 1035 690 Sinaiticus
1082 625 1275 690 codex
1323 624 1516 688 habet
1562 631 2210 688 HPOCEEssNTOC
2230 671 2247 706 ,
2290 623 2444 686 satis
2481 621 2797 709 intelligi-

422 721 531 796 tur
584 731 879 798 lacunam
942 752 1056 798 nos
1102 729 1453 814 ludificari,
1500 750 1696 815 quam
1741 732 1835 795 ita
1881 729 2220 816 supplebo:
2271 732 2359 807 μὴ
2411 729 2618 813 προσ-ἐ(
2623 732 2792 814 χειν)

423 840 628 912 ἐῶντος
680 841 846 916 ἡμᾶς
896 843 1004 903 τοῦ
1052 835 1298 915 ἀνέμου.

512 1049 827 1116 Octavum
888 1057 1079 1136 caput
1140 1058 1236 1116 est
1296 1050 1598 1136 epistolae
1645 1052 1725 1116 ad
1772 1050 2134 1117 Corinthios
2151 1099 2168 1128 ,
2219 1053 2403 1116 cuius
2447 1050 2795 1116 describam

420 1159 715 1222 initium:
790 1159 921 1238 περὶ
995 1158 1059 1222 δὲ
1130 1165 1244 1222 τῶν
1316 1157 1714 1239 εἰδωλοθύτων
1783 1157 2036 1234 οἴδαμεν
2097 1154 2218 1222 ὅτι
2279 1158 2514 1229 πάντες
2577 1164 2798 1234 γνῶσιν

419 1263 682 1343 ἔχομεν,
755 1267 789 1338 ἦ
862 1271 1079 1342 γνῶσις
1152 1271 1403 1344 φυσιοῖ,
1471 1268 1503 1338 ἡ
1570 1265 1631 1328 δὲ
1694 1265 1921 1340 ἀγάπη
1987 1265 2319 1340 οἰκοδομεῖ,
2380 1264 2438 1328 εἴ
2492 1286 2584 1336 τις
2638 1264 2804 1328 δοκεῖ

420 1371 746 1448 ἐγνωκέναι
796 1395 895 1450 τι,
944 1371 1107 1436 οὔπω
1153 1369 1307 1450 ἔγνω
1358 1373 1548 1442 καθὼς
1599 1372 1696 1438 δεῖ
1735 1375 1998 1456 γνῶναι,
2046 1373 2098 1436 εἶ
2150 1372 2215 1436 δέ
2263 1395 2356 1442 τις
2404 1373 2642 1454 α’γαπᾷ
2693 1372 2796 1436 τὸν

420 1477 581 1561 θεὸν,
648 1475 817 1550 οὗτος
884 1481 1239 1557 ἔγνως-αι
1308 1482 1424 1543 ὑπ’
1498 1481 1787 1542 αὐτοῦ·
1854 1479 1988 1559 περὶ
2048 1489 2159 1554 τῆς
2208 1480 2488 1560 βρώσεως
2535 1476 2632 1544 οὖν
2680 1485 2798 1542 τῶν

416 1575 813 1650 εἰδωλοθύτων
859 1585 1115 1662 οἴδαμεν
1156 1583 1246 1650 ὅτι
1295 1586 1459 1650 οὐδὲν
1507 1585 1749 1650 εἴδωλον
1799 1587 1858 1650 ἕν
1906 1586 2143 1666 κόσμῳ,
2197 1586 2328 1652 κτὲ.
2381 1585 2562 1666 Quod
2601 1585 2797 1650 multi

416 1693 746 1768 viderunt,
833 1695 1081 1777 primus
1166 1693 1518 1758 versiculus
1588 1694 1823 1756 vitium
1895 1692 2046 1770 alit,
2120 1693 2286 1779 quod
2354 1692 2798 1758 Lachmannus

416 1796 637 1862 tollere
708 1804 971 1864 conatus
1038 1807 1136 1864 est
1204 1799 1573 1884 corrigendo
1640 1797 1731 1863 ὅτι
1799 1799 1916 1884 (οὗ)
1981 1799 2214 1870 πάντες
2277 1803 2498 1878 γνῶσιν
2546 1797 2796 1878 ἔχομεν.

415 1903 533 1968 Est
598 1904 855 1988 quidem
922 1905 1246 1970 interdum
1296 1908 1736 1970 necessarium-
1769 1913 1984 1971 contra
2029 1906 2226 1972 libros
2271 1907 2563 1972 infercire
2609 1926 2798 1990 nega-

414 2011 653 2073 tionem
676 2057 693 2084 ,
766 2009 875 2074 sed
943 2031 1067 2074 non
1129 2018 1225 2076 est
1289 2009 1463 2076 aliud
1525 2012 1886 2076 remedium
1946 2013 2294 2078 violentius
2356 2019 2420 2078 et
2478 2012 2582 2078 hic
2630 2017 2797 2076 certe

416 2115 861 2180 Lachmannus
928 2137 1256 2200 perperam
1325 2120 1695 2202 provocavit
1765 2118 1843 2182 ad
1907 2120 2256 2204 septimum
2319 2139 2576 2185 versum
2641 2118 2790 2182 ἀλλ’

416 2222 520 2284 οὐκ
570 2222 629 2284 ἐν
678 2226 868 2286 πᾶσιν
916 2227 950 2298 ἧ
1000 2229 1240 2300 γνῶσις.
1290 2222 1551 2289 Scilicet
1598 2225 2124 2312 distinguendum
2173 2232 2270 2290 est
2313 2227 2482 2290 inter
2515 2225 2792 2308 primam

411 2347 742 2412 personam
804 2337 868 2394 et
929 2332 1207 2396 tertiam.
1256 2328 1499 2401 Πάντες
1548 2337 1768 2408 γνῶσιν
1817 2329 2079 2410 ἔχομενε
2129 2331 2490 2419 intelligere
2539 2331 2792 2397 debebi-

413 2455 559 2498 mus
604 2437 743 2506 τοὺς
793 2435 967 2512 ἀμφὶ
1013 2437 1115 2500 τὸν
1164 2441 1446 2513 Παῦλον,
1496 2440 1607 2522 qui
1652 2457 1777 2502 non
1827 2439 2201 2503 tenebantur
2269 2437 2526 2504 Iudaica
2585 2459 2798 2524 super-

412 2543 689 2607 stitione.
739 2541 881 2608 Non
929 2549 1025 2609 est
1066 2551 1279 2609 autem
1328 2545 1387 2607 ἐν
1433 2546 1622 2608 πᾶσιν
1673 2546 1707 2618 ἦ
1758 2550 2012 2622 witao-ec:
2054 2546 2157 2610 hic
2193 2547 2401 2633 tang-it
2435 2545 2575 2615 τοὺς
2615 2543 2790 2623 ἀμφὶ

414 2652 515 2714 τὸν
577 2650 819 2728 Πέτρον.
914 2650 1340 2735 Abrumpitur
1403 2658 1617 2716 autem
1676 2652 1860 2716 filum
1907 2654 2208 2717 orationis
2258 2658 2321 2717 et
2368 2652 2534 2738 quod
2583 2651 2790 2716 dicere

412 2762 701 2839 coeperat
761 2758 894 2835 περὶ
960 2755 1021 2820 δὲ
1084 2764 1200 2821 τῶν
1263 2758 1659 2822 εἰδωλοθύτων
1720 2758 1990 2833 οἴδαμεν,
2039 2760 2106 2823 id
2156 2762 2523 2843 exsequitur
2569 2764 2794 2843 quarto

417 2862 679 2926 demum
742 2882 962 2939 versu;
1030 2862 1272 2948 reliqua
1334 2864 1436 2927 δια
1498 2865 1690 2937 μέσου
1752 2866 2126 2949 interposita
2187 2885 2320 2929 esse
2383 2863 2594 2941 vides;
2643 2884 2788 2927 nam

416 2966 757 3051 Apostolus
803 2966 1166 3053 interpellat
1210 2989 1275 3033 se
1322 2971 1555 3053 ipsum.
1599 2948 2004 3056 Intelligam:
2055 2968 2266 3035 διότι
2314 2970 2517 3052 (nam)
2563 2968 2794 3039 πάντες

417 3074 634 3150 γνῶσιν
704 3072 964 3153 ἔχομεν,
1032 3082 1221 3159 atque
1282 3076 1375 3139 sic
1437 3076 1786 3140 rectissime
1847 3075 2075 3140 addere
2138 3078 2349 3160 potuit
2403 3096 2498 3141 vs.
2553 3074 2590 3139 ‘7
2643 3076 2792 3139 ἀλλ’

416 3182 523 3244 οὐκ
572 3180 630 3242 ἕν
677 3183 868 3244 πᾶσιν
916 3182 949 3255 ἦ
1001 3186 1245 3256 γνῶσις.
1310 3180 1583 3245 Disertis
1630 3182 1844 3247 verbis
1890 3182 2107 3246 docet:
2159 3182 2290 3261 περὶ
2357 3182 2418 3245 δὲ
2465 3188 2581 3245 τῶν
2632 3180 2795 3244 εἰδω-

418 3286 678 3350 λοθύτων
725 3286 974 3360 οἴδαμεν
1020 3282 1112 3349 ὅτι
1159 3287 1322 3350 οὐδὲν
1368 3284 1613 3351 εἴδωλον
1662 3288 1724 3349 ἐν
1773 3288 1980 3367 κόσμῳ
2025 3288 2133 3351 καὶ
2182 3284 2271 3351 ὅτι
2324 3286 2511 3357 οὐδεὶς
2561 3287 2688 3357 θεὸς
2739 3288 2791 3351 εἰ

419 3395 506 3469 μὴ
569 3386 677 3463 εἷς.
748 3391 1063 3475 Οἴδαμεν,
1126 3392 1421 3477 inquam,
1472 3412 1585 3458 nos
1633 3396 1800 3457 enim
1851 3414 2076 3457 sumus
2121 3394 2232 3480 qui
2277 3400 2496 3471 γνῶσιν
2546 3392 2792 3473 ἔχομεν.

420 3497 602 3564 Nihil
658 3506 755 3563 est
820 3504 1033 3564 tamen
1096 3519 1209 3563 cur
1264 3506 1594 3585 propterea
1652 3520 1769 3563 vos
1827 3495 2131 3565 efferatis:
2193 3506 2442 3585 cavete,
2492 3500 2760 3581 ἀδελφοί
2777 3550 2794 3583 ,

422 3607 657 3669 etenim
706 3608 740 3679 ἧ
789 3612 1011 3682 γνῶσις
1058 3610 1297 3686 Φυσιοῖ,
1356 3606 1389 3679 ἦ
1438 3606 1500 3670 δὲ
1548 3606 1776 3683 dyeia-n
1825 3605 2146 3684 οἰκοδομεῖ.
2237 3606 2378 3671 Hoc
2430 3628 2537 3693 per
2582 3610 2798 3672 omnia

416 3716 839 3775 mementote:
900 3710 1089 3776 nihili
1143 3722 1239 3777 est
1286 3732 1359 3777 ea
1403 3719 1618 3777 nostra
1665 3719 1885 3789 γνῶσις
1906 3760 1920 3788 ,
1975 3715 2099 3777 nisi
2146 3714 2400 3778 accedat
2446 3716 2480 3789 ἦ
2528 3713 2756 3791 ἀγάπη
2777 3736 2792 3751 ·

418 3814 475 3881 εἴ
534 3840 626 3887 τις
690 3815 855 3881 δοκεῖ
912 3818 1234 3895 ἐγνωκέναι
1295 3841 1393 3892 τι,
1461 3816 1625 3883 οὔπω
1691 3818 1846 3895 ἔγνω
1899 3820 2093 3890 καθὼς
2143 3817 2238 3883 δεῖ
2279 3826 2529 3897 γνῶναι.
2629 3820 2798 3900 Quid

422 3928 635 3987 autem
708 3926 884 4007 sequi
954 3924 1140 3989 debet
1208 3928 1275 3989 in
1352 3945 1427 3989 ea
1501 3922 1843 3989 antithesi?
1934 3922 2139 4002 Illud,
2215 3926 2340 3989 nisi
2402 3946 2507 3991 me
2564 3924 2800 3991 fallunt

422 4031 636 4093 omnia
651 4050 667 4107 3
741 4032 852 4114 qui
920 4032 1245 4095 caritatem
1322 4029 1583 4095 habebit
1607 4081 1621 4105 ‚
1689 4038 1911 4107 γνῶσιν
1971 4050 2218 4115 quoque
2279 4030 2556 4096 habebit.
2653 4032 2797 4097 Non

423 4137 718 4199 convenit
779 4135 845 4199 id
906 4136 1073 4217 quod
1134 4138 1423 4221 proxime
1470 4137 1790 4222 nequitur:
1839 4138 1891 4201 εἰ
1942 4136 2005 4199 δέ
2055 4160 2148 4207 τις
2197 4138 2434 4219 ἀγαπᾷ
2483 4140 2584 4202 τὸν
2633 4138 2794 4222 θεὸν,

421 4236 589 4311 οὗτος
661 4238 926 4319 ἔγνως-αι
996 4242 1099 4306 ὑπ’
1170 4243 1397 4322 αὐτοῦ,
1462 4243 1628 4327 quod
1693 4242 1872 4307 nullo
1934 4243 2124 4307 modo
2185 4241 2469 4329 intelligi
2524 4246 2793 4327 poterit.

419 4349 545 4411 nisi
608 4347 906 4413 adhibeas
969 4344 1179 4413 Galat.
1244 4346 1365 4412 IV:
1432 4346 1495 4421 9,
1546 4370 1734 4434 quem
1783 4356 1996 4413 tamen
2042 4348 2256 4413 locum
2305 4346 2622 4413 Corinthii
2670 4369 2796 4414 non

422 4446 763 4537 potuerunt
810 4454 1103 4519 conferre.
1181 4450 1387 4537 opem
1445 4452 1605 4518 feret
1648 4452 1998 4518 Sinaiticus
2045 4453 2240 4518 codex
2256 4499 2273 4531 ,
2323 4454 2390 4517 in
2440 4474 2564 4539 quo
2611 4457 2798 4521 omis-
