3369 5142
1340 310 1766 363 wnuommm.
2609 288 2739 355 305
2771 282 2788 303 ⁶

374 490 637 557 stantivi
702 484 1002 565 ἰσομοιρία
1020 532 1037 563 ,
1110 489 1187 551 ut
1251 490 1421 551 recte
1493 490 1836 572 sequantur
1903 482 2312 571 participium
2385 476 2620 562 ἔχουσα
2687 486 2753 547 et

373 594 641 665 verbum
702 590 1021 673 ἐδοξάζετο
1065 593 1132 655 in
1179 590 1491 679 singulari
1536 613 1804 658 numero
1853 592 2048 679 (quod
2093 593 2150 656 si
2195 594 2290 657 ita
2336 596 2432 657 est
2449 637 2467 667 ,
2517 590 2756 655 articu-

372 702 477 769 lus
546 707 691 767 ante
750 698 1045 779 ἰσομοιρία
1104 718 1231 763 non
1292 704 1387 763 est
1446 699 1827 785 genuinus),
1901 704 2014 765 aut
2072 703 2216 783 post
2259 698 2451 763 verba
2501 697 2536 771 ἦ
2584 696 2752 771 ἄλλη

375 808 552 874 αἰκία
596 808 787 894 (recte
820 806 1079 871 fortasse
1100 802 1443 869 Elmsleius
1466 804 1872 869 scribendum
1896 824 2030 869 esse
2053 803 2320 889 putabat
2345 802 2578 887 αἴκεια)
2603 822 2760 867 non-

375 912 555 979 nulla
601 910 904 978 excidisse
922 960 941 995 ,
988 909 1157 995 quod
1190 909 1357 974 mihi
1396 910 1653 994 quidem
1695 908 2020 995 aliquanto
2054 908 2446 994 probabilius
2479 910 2760 977 videtur.

376 1020 547 1085 Tum
606 1018 801 1083 verba
864 1017 933 1081 τὸ
996 1016 1167 1094 μετὰ
1232 1022 1473 1081 πολλῶν
1538 1014 1816 1096 πάσχειν
1835 1066 1852 1101 ,
1917 1022 2172 1101 propter
2215 1018 2498 1101 ineptam
2551 1016 2758 1081 abun-

378 1126 659 1193 dantiam
700 1145 825 1190 non
870 1124 1073 1189 ferens
1117 1142 1265 1187 cum
1310 1122 1638 1187 Badhamo
1684 1124 1755 1186 in
1791 1125 2153 1209 marginem
2197 1120 2559 1210 relegat-im.
2611 1122 2760 1189 Non

376 1234 591 1320 magis
632 1230 765 1297 fero
810 1250 959 1295 cum
1006 1229 1225 1295 eodem
1276 1231 1585 1293 omissum
1631 1231 2062 1315 participium,
2111 1228 2296 1313 quale
2341 1235 2439 1295 est
2462 1228 2759 1305 ἐνθυμου-

379 1338 613 1423 μένοις,
652 1338 819 1403 unde
856 1335 1169 1422 pendeant
1203 1334 1449 1421 reliqua
1468 1385 1486 1419 ,
1526 1338 1593 1399 in
1632 1337 1865 1421 quibus
1897 1336 2135 1421 accipio
2157 1342 2446 1401 veterem
2473 1338 2760 1419 eiusdem

380 1445 887 1511 emendationem
951 1441 1229 1525 οἰφίκατο
1291 1462 1405 1528 pro
1466 1442 1723 1521 ἀφῖκτο.
1820 1440 2001 1521 Quod
2067 1442 2239 1507 enim
2302 1442 2475 1508 idem
2521 1442 2760 1510 Mnem.

380 1550 469 1617 IV
514 1574 573 1637 p.
626 1551 753 1617 145
814 1548 1009 1617 verba
1072 1547 1278 1619 ἄλλως
1336 1571 1407 1613 τε
1455 1550 1557 1613 καὶ
1620 1584 1706 1597 --
1755 1550 1998 1624 μᾶλλον
2051 1548 2084 1623 ἢ
2134 1550 2396 1629 ναυτικῷ
2444 1550 2762 1636 sophistae

380 1660 653 1725 alicuius
715 1656 1241 1722 declamationem
1312 1675 1445 1720 esse
1504 1657 1861 1740 suspicatur
1887 1702 1904 1731 ,
1968 1675 2040 1719 ea
2103 1655 2314 1739 opinio
2337 1706 2354 1729 ‚
2410 1658 2530 1720 etsi
2575 1655 2769 1723 habet

382 1764 611 1849 quibus
671 1761 1147 1828 commendetur
1164 1810 1181 1845 ,
1241 1762 1360 1826 hoc
1404 1760 1653 1827 laborat
1696 1761 2100 1827 incommodo
2121 1810 2138 1845 ,
2189 1762 2356 1847 quod
2402 1766 2516 1828 vix
2561 1763 2758 1829 credi-

382 1871 513 1938 bile
581 1880 679 1936 est
747 1868 1193 1955 Thucydidem
1263 1870 1355 1933 sic
1426 1868 1698 1933 scribere
1768 1868 2082 1953 potuisse:
2165 1906 2250 1917 -
2321 1869 2557 1949 ἔχουσα
2625 1894 2768 1935 τινα

369 1973 597 2071 ,ὅμως
661 1974 973 2055 κούφισιν,
1039 1972 1195 2039 οὐδ’
1245 1968 1334 2045 ὦς
1381 1974 1559 2057 ῥᾳδία
1610 1975 1669 2038 ἒν
1723 1975 1808 2055 τῷ
1858 1973 2109 2053 παρόντι
2165 1973 2506 2055 ἐδοξάζετο.
2551 1971 2760 2053 ὅμως

385 2084 448 2149 δὲ
509 2083 623 2147 ὑπὸ
682 2082 975 2160 μεγέθους
1041 2082 1171 2145 κτὲ.
1264 2080 1507 2165 Quare,
1573 2084 1629 2146 si
1693 2083 1844 2166 quid
1899 2081 1959 2147 h.
1991 2080 2038 2145 1.
2091 2081 2169 2147 de
2215 2101 2330 2148 suo
2377 2081 2621 2148 addidit
2666 2101 2764 2147 so·

386 2190 630 2276 phista,
690 2189 843 2253 huic
902 2208 1027 2253 non
1090 2187 1215 2253 alia
1278 2189 1475 2253 tribui
1536 2194 1836 2273 poterunt
1879 2207 2072 2272 quam
2120 2189 2316 2255 verba
2367 2188 2626 2267 μέγιςον
2681 2222 2768 2235 --

389 2296 651 2377 ναυτικῷ
672 2342 689 2373 ,
749 2296 876 2359 nisi
934 2294 1097 2359 forte
1163 2315 1235 2360 eo
1296 2297 1419 2359 erit
1479 2294 2014 2381 progrediendum
2037 2342 2054 2371 ‚
2114 2302 2190 2359 ut
2235 2298 2450 2361 omnia
2496 2316 2656 2381 quae
2701 2298 2770 2359 in

386 2405 506 2471 hoc
558 2404 765 2488 capite
808 2406 951 2487 post
996 2402 1079 2475 τῶ
1126 2400 1477 2481 ςρατοπέδῳ
1524 2400 1830 2489 leguntur
1873 2404 1935 2465 ei
1980 2400 2196 2467 deberi
2241 2404 2652 2487 suspicemur.

478 2510 722 2578 Locum
769 2510 857 2574 sic
904 2510 1376 2575 constituerim:
1429 2514 1595 2578 σῖτος
1643 2508 1769 2587 γὰρ
1817 2506 2014 2574 οὐκέτι
2073 2505 2140 2583 ἦν
2189 2509 2278 2594 (ἐν
2325 2512 2530 2576 insere
2550 2557 2566 2588 ‚
2613 2530 2764 2576 nam

388 2620 515 2684 nisi
576 2619 645 2682 τὸ
705 2615 1075 2695 στρατόπεδον
1142 2616 1204 2682 h.
1241 2613 1284 2680 l.
1361 2623 1559 2680 caetra
1604 2613 1991 2702 significaret
2009 2665 2024 2689 ‚
2073 2619 2348 2701 turpiter
2390 2617 2766 2702 abundaret)

392 2727 477 2806 τῷ
518 2721 862 2802 ςρατοπέδῳ
883 2744 898 2759 ·
949 2721 1053 2785 καί
1107 2723 1229 2799 μὴν
1278 2723 1313 2795 ἦ
1362 2719 1528 2796 ἄλλη
1579 2719 1788 2787 αἴκεια
1829 2769 2027 2786 .....
2071 2721 2174 2786 καί
2229 2725 2261 2798 ἧ
2311 2723 2609 2802 ἰσομοιρία
2656 2731 2772 2790 τῶν

392 2835 631 2904 κακῶν,
699 2826 933 2909 ἔχουσα
981 2851 1123 2892 τινα
1167 2823 1331 2904 ὅμως
1376 2827 1690 2911 κούφισιν,
1739 2825 1866 2891 οὐδ’
1916 2822 1993 2900 ὧς
2040 2827 2222 2912 ῥᾳδία
2270 2829 2330 2892 ἐν
2379 2832 2461 2910 τῷ
2509 2829 2766 2912 παρόντι

394 2934 749 3018 ἐδοξάζετο,
812 2935 1019 3008 ἄλλως
1081 2957 1153 2998 τε
1216 2933 1319 2998 καὶ
1384 2932 1908 3020 (ἐνθυμουμένοις)
1977 2936 2098 3014 ἀφ’
2157 2931 2286 3006 οἵας
2334 2937 2768 3016 λαμπρότητος

396 3043 500 3107 καί
571 3044 947 3124 αὐχήματος
1018 3046 1125 3107 τοῦ
1193 3041 1425 3121 πρώτου
1490 3041 1549 3112 ἐς
1612 3036 1742 3106 οἵαν
1811 3041 2108 3116 τελευτὴν
2175 3041 2279 3106 καὶ
2352 3043 2774 3117 ταπεινότητα

396 3151 695 3231 οὶφίκατο.
790 3149 865 3215 In
920 3148 1173 3214 ultimis
1233 3148 1533 3214 chiastice
1594 3152 1998 3233 opponuntur
2059 3150 2226 3212 inter
2285 3169 2352 3212 se
2409 3148 2775 3228 λαμπρότης

396 3262 461 3322 et
507 3257 871 3333 ταπεινότης
892 3307 909 3341 ,
958 3255 1233 3336 αὔχημα
1278 3254 1349 3318 τὸ
1396 3261 1623 3334 πρῶτον
1664 3259 1730 3317 et
1766 3257 2028 3326 τελευτή
2050 3300 2067 3331 ,
2110 3273 2380 3337 quarum
2421 3255 2776 3320 ὥντιθέσεων

395 3366 703 3450 posterior
748 3364 913 3431 mihi
958 3383 1083 3430 non
1129 3361 1496 3428 felicissima
1540 3359 1820 3424 videtur.

488 3469 639 3558 Cap.
693 3470 799 3549 78,
849 3471 889 3534 4
938 3471 999 3534 ἕν
1043 3471 1170 3548 γὰρ
1218 3471 1301 3546 τῷ
1352 3465 1601 3546 πρόσθεν
1648 3465 1748 3531 ἐπ)
1803 3468 2070 3532 πολλοὶ
2119 3467 2270 3535 ςαδ
2284 3490 2402 3544 ια,
2441 3466 2479 3550 ᾖ
2516 3467 2782 3545 ἔμελλον

398 3577 585 3656 ἰέναι,
635 3578 741 3642 οὐκ
788 3577 1044 3657 ἄφθονον
1084 3573 1171 3650 ἦν.
1220 3573 1602 3640 Incredibile
1638 3579 1736 3639 est
1773 3573 2218 3660 Thucydidem
2253 3576 2376 3642 hoc
2409 3577 2598 3642 unico
2627 3574 2778 3642 ·loco

398 3687 720 3770 scripsisse
787 3683 978 3751 ςάδια
1044 3703 1157 3769 pro
1216 3681 1459 3752 ςαδίους
1480 3729 1495 3754 ,
1558 3687 1633 3746 ut
1692 3686 1758 3746 et
1819 3679 1976 3746 alibi
2038 3687 2396 3747 constanter
2440 3682 2664 3748 scribit
2709 3687 2776 3748 et

396 3791 497 3857 bis
541 3793 610 3855 in
654 3791 807 3875 ipsis
851 3790 1253 3875 praegressis.
1345 3786 1623 3872 Requiro
1670 3789 1876 3874 igitur
1924 3786 2023 3850 ἐπὶ
2077 3787 2388 3861 πολλοὺς
2451 3789 2775 3868 ςαδίους,

400 3897 511 3964 sed
577 3897 786 3961 nescio
850 3899 1063 3960 tamen
1111 3915 1189 3958 an
1252 3895 1443 3958 etiam
1507 3891 1899 3978 probabilius
1953 3895 2349 3979 suspicemur
2393 3895 2772 3962 historicum

402 4003 645 4070 dedisse
694 4001 817 4066 ἐπὶ
868 4015 1017 4065 πολ
1037 4000 1106 4083 ύ,
1154 3999 1321 4084 quod
1366 4019 1515 4064 vero
1559 3999 1747 4066 hodie
1796 4001 1864 4064 in
1910 4005 2090 4064 textu
2143 3999 2384 4088 legitur
2445 4021 2578 4067 esse
2639 4002 2777 4066 eius

398 4107 711 4175 formulae
770 4109 1423 4192 interpretamentum.
1492 4103 1593 4170 Of.
1642 4103 1792 4170 VIII
1845 4103 1948 4190 10,
1997 4106 2060 4170 2.
2106 4105 2264 4172 Mox
2309 4108 2346 4192 5
2393 4105 2434 4172 6
2483 4105 2622 4172 dele
2667 4109 2772 4172 καὶ

402 4213 776 4296 ἐσηκόντιζόν
823 4237 893 4278 τε
942 4211 1043 4276 καὶ
1094 4211 1506 4290 παρίππευον,
1555 4210 1937 4296 interpolata
1983 4211 2020 4296 ς
2069 4209 2132 4276 3.

492 4321 641 4408 Cap.
692 4319 803 4405 80,
852 4319 891 4386 6
938 4319 1040 4384 καί
1088 4319 1460 4398 βιασάμενοι
1511 4317 1703 4392 αὐτὴν
1749 4315 2040 4394 διέβησαν
2083 4340 2155 4380 τε
2193 4317 2296 4382 τὸν
2335 4317 2622 4394 ποταμὸν
2669 4319 2775 4386 καὶ

404 4425 663 4512 ἐχώρουν
710 4424 877 4502 αὖθις
924 4427 1067 4509 πρὸς
1112 4423 1306 4490 ἄλλον
1355 4403 1736 4509 [ποταμόν],
1783 4423 1886 4490 τὸν
1929 4423 2210 4506 Ἐρινεόν.
2263 4419 2416 4512 Gap.
2469 4421 2558 4493 82
2607 4431 2772 4498 extr.
