3369 5142
601 286 731 353 114
1575 301 2001 357 wnucrmnns.

1143 475 1344 559 ὕςερον
1391 479 1624 558 ἀρᾶται
1671 478 2055 561 κοξπιθΕιέζει
2102 482 2189 561 τῷ
2237 478 2452 560 πατρί.

599 583 750 649 libri
793 583 1090 671 iugulato
1136 598 1340 651 metro
1387 586 1691 651 exhibent
1738 587 1841 651 καὶ
1893 586 2300 667 ε’πιΘΕΙοὶζει.
2396 584 2497 652 Ad
2544 582 2811 651 eandem
2843 603 2991 649 nor-

599 710 778 755 mam
823 690 1104 775 reliquae
1148 690 1389 756 formae
1437 696 1587 757 sunt
1634 693 2131 759 constituendae.

690 796 908 861 Etiam
968 798 1038 860 in
1098 795 1563 884 significatione
1622 797 1805 865 verbi
1868 798 2207 880 ἐπιθεοὶζειν
2256 810 2319 865 et
2366 795 2721 869 ἐπιθειάσας
2771 816 2983 885 gram·

604 902 827 967 matici
909 908 1140 967 errant.
1242 902 1312 969 Si
1396 902 1787 969 Scholiastae
1864 906 2182 971 credimus
2254 910 2319 970 et
2386 903 2711 991 Hesychio
2778 904 2847 967 in
2920 924 2980 968 v.

607 1007 941 1081 ἕπιθεοξσας
988 1009 1129 1095 (sic)
1179 1008 1498 1097 significat
1543 1010 2035 1091 κατευξάμενος,
2084 1012 2193 1077 sed
2226 1011 2554 1077 falluntur.
2602 1008 2981 1090 Ἐπιθεοὶζειν

594 1119 691 1180 est
753 1115 1037 1179 obtestari
1098 1121 1155 1178 et
1215 1120 1490 1179 invocare
1531 1116 1692 1181 Deos
1740 1118 1965 1181 ultores
2008 1119 2289 1182 scelerum
2335 1118 2712 1202 praesertim
2758 1118 2827 1179 in
2875 1136 2979 1182 eos

597 1222 711 1305 qui
753 1219 947 1285 fidem
995 1220 1212 1285 datam
1259 1242 1383 1287 non
1429 1228 1781 1287 servassent
1826 1223 2039 1307 (Plato
2086 1226 2155 1288 in
2192 1224 2473 1289 Phaedro
2511 1242 2655 1309 pag.
2701 1220 2827 1286 241
2874 1222 2979 1308 B.)

595 1334 712 1393 aut
778 1328 1155 1415 religionem
1224 1327 1567 1394 violassent
1636 1329 2073 1417 (Thucydides
2133 1328 2301 1395 VIII.
2374 1329 2484 1416 53)
2556 1335 2669 1394 aut
2732 1329 2981 1394 foedera

593 1436 946 1520 rupissent,
1018 1439 1092 1500 ut
1157 1434 1560 1501 Plataeenses
1627 1442 1841 1503 nostro
1906 1436 2065 1503 loco·
2159 1436 2382 1522 Itaque
2455 1435 2814 1507 ἐπιθειάσας
2886 1441 2981 1501 est

592 1540 766 1606 idem
830 1540 998 1626 quod
1058 1540 1465 1627 Thucydides
1508 1542 1726 1628 paullo
1774 1549 1920 1608 ante
1966 1544 2213 1609 dixerat
2256 1563 2391 1628 cap.
2450 1540 2557 1609 74.
2604 1544 2667 1617 ἐς
2716 1543 2979 1622 ἐπιμαρ-

590 1646 802 1728 τυρίαν
871 1647 976 1711 καὶ
1039 1649 1178 1711 θεῶν
1239 1648 1344 1712 καὶ
1417 1648 1608 1728 ἡρώων
1673 1656 1793 1713 τῶν
1853 1649 2166 1731 ἐγχωρίων
2232 1647 2488 1722 tem-§en-
2555 1654 2621 1714 et
2679 1648 2864 1715 Iason
2908 1648 2972 1713 in

588 1750 914 1839 Euripidis
959 1754 1180 1819 Medea
1220 1774 1315 1821 vs.
1368 1752 1562 1819 1490.

1411 1863 1588 1941 θρηνῶ
1640 1831 1993 1942 κᾶπιόὲοὶζω

1410 1966 1863 2048 μαρτυρόμενος
1910 1967 2229 2046 δαίμονας.

601 2070 745 2137 aliis
803 2072 1016 2139 verbis
1079 2072 1173 2137 bis
1217 2071 1392 2138 idem
1438 2072 1613 2138 dicit.
1709 2072 1891 2153 Quod
1938 2077 2036 2138 est
2077 2075 2147 2137 in
2190 2071 2373 2138 libris
2418 2070 2746 2157 Euripidis
2790 2070 2977 2135 κᾶπι-

598 2176 820 2259 θοαζω
893 2185 958 2244 et
1026 2178 1194 2265 apud
1263 2176 1666 2265 Aeschylum
1736 2180 1804 2243 in
1876 2174 2237 2263 Ghoephorie
2297 2198 2393 2246 vs.
2458 2175 2614 2243 856.
2682 2178 2973 2243 omnium

595 2304 899 2351 consensu
948 2283 1107 2349 olim
1153 2289 1250 2350 est
1295 2284 1731 2351 emendatum.

684 2493 974 2582 Thucyd.
1030 2493 1109 2559 IL
1179 2494 1285 2562 ¹75.
1336 2493 1396 2560 5.
1444 2491 1558 2564 ὤςε
1607 2534 1690 2544 -
1741 2496 1903 2573 μήτε
1961 2492 2281 2579 πυρφόροις
2336 2494 2569 2582 [οἷςοῒς]
2618 2490 2974 2573 βάλλεσθαι

592 2601 652 2666 ἐν
714 2603 1009 2684 οὶσφαλεῖ
1063 2625 1133 2666 τε
1195 2597 1364 2666 εἶναι.
1462 2601 1761 2668 Vidimus
1808 2624 2001 2688 supra
2047 2605 2115 2668 in
2160 2605 2536 2688 perantiquo
2586 2599 2818 2666 Codice
2860 2599 2976 2664 Po-

587 2708 1017 2790 ἰίοῖοοιίοοναηι
1085 2709 1263 2780 οἱς-οῖς
1327 2709 1584 2786 omitti,
1656 2711 2009 2776 rectissime
2080 2709 2377 2795 quidem,
2452 2713 2527 2774 ut
2597 2705 2975 2774 Wescherus

587 2814 862 2898 iudicat,
909 2816 1015 2880 cui
1059 2813 1244 2900 plane
1289 2818 1614 2882 assentior.

672 2920 800 2986 Pro
868 2920 928 2983 ἐν
997 2921 1291 3002 ἀσφαλεῖ
1353 2921 1505 2986 libri
1571 2941 1791 2988 omnes
1861 2921 1938 2987 de
1999 2941 2177 2987 more
2240 2922 2472 2990 vitiose
2536 2920 2839 2988 exhibent
2913 2922 2975 2985 ἐν

585 3025 942 3110 ἀσφαλείᾳ.
991 3024 1130 3090 Vid.
1193 3025 1336 3093 Var.
1384 3027 1568 3093 lectt.
1617 3048 1768 3114 pag.
1821 3027 1975 3092 440.

669 3236 962 3324 Thucyd.
1028 3237 1110 3302 ΙΙ.
1177 3235 1284 3306 77.
1350 3236 1412 3303 6.
1486 3236 1633 3321 ὕδωρ
1700 3239 1803 3324 [ἐξ
1864 3241 2141 3326 οὐρανοῦ]
2212 3239 2373 3305 πολὺ
2424 3275 2510 3289 -
2558 3237 2791 3318 σβέσαι
2856 3241 2967 3316 τὴν

577 3345 828 3428 φλόγα.
921 3343 1130 3411 Verba
1175 3347 1376 3411 otiosa
1421 3349 1721 3431 antiquus
1767 3345 1930 3414 liber
1974 3345 2148 3412 idem
2196 3347 2466 3411 omittit.

670 3560 961 3647 Thucyd.
1025 3557 1104 3623 ΙΙ.
1176 3557 1282 3626 77.
1348 3557 1711 3635 νομίσαντες
1775 3557 1995 3638 ἄπορον
2056 3555 2208 3623 εἶναι
2278 3555 2442 3623 Ἀπὸ
2491 3564 2608 3624 τῶν
2656 3559 2969 3641 παρόντων

577 3671 776 3735 δεινῶν
839 3668 998 3731 ἑλεῖν
1056 3664 1165 3737 τὴν
1225 3665 1425 3730 πόλιν.
1521 3664 1853 3752 Kruegero
1917 3664 2114 3729 δεινῶν
2180 3667 2571 3752 expungenti
2627 3669 2971 3732 assentitur

577 3774 1056 3842 Herwerdenm.
1161 3772 1478 3858 Equidem
1549 3771 1705 3834 ’Ὑπὸ
1777 3775 1896 3834 τῶν
1968 3769 2276 3850 παρόντων
2348 3769 2550 3836 δεινῶν
2620 3770 2969 3857 legendum

581 3903 715 3949 esse
775 3881 1082 3948 arbitror:
1147 3879 1233 3944 τοὶ
1293 3875 1572 3956 παρόντα
1635 3874 1803 3940 δεινοὶ
1866 3876 2031 3963 (sive
2092 3875 2393 3962 χαλεποί)
2442 3879 2690 3957 aza-open
2740 3879 2966 3951 αὐτοὺς

579 3987 766 4053 ἐποίει
833 3989 971 4054 sive
1041 3989 1100 4060 ἐς
1161 3983 1420 4064 ἀπορίαν
1487 3983 1747 4059 walen,
1814 3987 1889 4046 ut
1937 3981 2018 4048 II.
2076 3980 2224 4047 102.
2277 3985 2340 4049 2.
2391 3983 2417 4047 ὅ
2466 3983 2592 4064 γὰρ
2647 3985 2962 4064 Ἀχελῷος

575 4093 861 4170 ποταμὸς
929 4133 1006 4142 --
1077 4095 1186 4168 τὴν
1259 4091 1437 4154 πόλιν
1508 4087 1960 4170 περιλιμνοέζων
2030 4125 2111 4136 -
2178 4087 2398 4170 ἄπορον
2463 4098 2627 4155 ποιεῖ
2687 4089 2804 4155 ὑπὸ
2855 4095 2965 4156 τοῦ

577 4199 796 4274 ὕδατος
861 4201 921 4264 ἐν
980 4204 1239 4281 χειμῶνι
1307 4195 1662 4276 ςρατεύειν,
1723 4199 1789 4260 et
1841 4197 2085 4280 passim
2148 4195 2251 4260 his
2299 4195 2541 4260 similia
2585 4195 2806 4284 leugae,
2856 4192 2971 4261 ubi

577 4307 694 4373 ὑπό
758 4330 915 4379 τινος
981 4305 1218 4370 dicitur
1280 4304 1358 4369 de
1416 4302 1859 4385 impedimento,
1911 4301 2079 4386 quod
2125 4322 2250 4387 quo
2300 4305 2515 4366 minus
2564 4300 2811 4386 aliquid
2860 4299 2973 4367 fiat

571 4413 885 4502 prohibet.
981 4412 1140 4493 Quis
1204 4409 1408 4476 nescit
1465 4407 1594 4473 ἀπό
1652 4413 1719 4474 et
1766 4406 1881 4473 ὑπό
1927 4409 1997 4472 in
2042 4408 2339 4474 omnibus
2378 4407 2571 4473 libris
2616 4409 2971 4476 sexcenties
