3369 5142
568 197 656 282 42
1562 223 1949 282 rammam

927 403 1034 471 οὔκ
1080 403 1142 477 ἐς
1189 403 1457 485 κόρακας
1472 425 1492 485 3
1525 406 1622 470 ,τὸ
1668 402 1839 487 χεῖρ’
1890 405 2281 480 ἀποίσεις
2328 406 2596 473 ἐκποδών

930 511 1056 576 ἀπὸ
1103 515 1211 576 τοῦ
1260 512 1615 577 exva-anlon.

565 615 781 684 Facile
817 622 912 683 est
950 637 1280 703 reponere:
1325 618 1432 682 οὐκ
1471 617 1531 689 ἐς
1575 615 1877 696 tedmarum
1919 618 2003 681 τὼ
2040 620 2201 698 χεῖρ’
2240 617 2625 700 απόσχες
2666 619 2955 687 ἐκποδών.

565 721 748 791 Idem
793 723 1029 790 dixisse
1073 721 1383 802 creditur,
1434 721 1611 788 locus
1658 728 1755 788 est
1802 723 1971 808 apud
2015 724 2252 789 Athen.
2297 723 2394 789 111
2441 745 2503 810 p.
2553 723 2643 791 80
2692 726 2771 802 A,

1022 829 1128 894 ἐὰν
1173 828 1238 894 δέ
1283 831 1353 907 γ’
1402 829 1436 903 ἦ
1452 835 1614 908 μῶν
1661 828 1826 892 σῦκά
1872 852 1964 900 τις
2020 829 2423 911 μεσημβρίας

1014 935 1333 1015 τρώγων
1379 933 1640 1016 καθεύδῃ
1686 932 1944 1019 χλωροὶ,
1991 937 2247 1016 πυρετὸς
2294 934 2522 1012 εὐθέως

1023 1038 1153 1116 ἥκει
1200 1042 1458 1122 τρέχων.

569 1145 846 1214 Cobetus
911 1145 1159 1212 Mnem.
1234 1145 1288 1212 V
1360 1144 1446 1211 96
1511 1147 1794 1232 reposuit
1855 1170 1993 1227 τρα
2013 1149 2112 1225 γώ
2132 1172 2192 1233 ν,
2254 1148 2364 1214 sed
2427 1170 2552 1214 non
2612 1153 2711 1215 est
2757 1149 2947 1226 satis3

568 1255 815 1340 corrige
853 1258 1209 1338 praeterea:

1024 1358 1132 1424 ἐὰν
1183 1358 1244 1423 δὲ
1292 1364 1582 1424 πεινῶν
1632 1355 1797 1424 σῦκα
1842 1381 1935 1432 τις
1984 1359 2386 1441 μεσημβρίας

1023 1465 1348 1545 τραγὼν
1397 1464 1679 1545 καθεύδῃ.

566 1569 738 1638 Hinc
785 1570 952 1657 quod
999 1569 1292 1636 Eubulus
1337 1571 1576 1637 ibidem
1623 1570 1850 1636 habet:

1027 1677 1094 1750 νὴ
1143 1675 1245 1741 τὸν
1293 1677 1396 1742 Δί’
1445 1675 1730 1752 ἠσθένουν
1775 1675 1935 1759 γάρ,
1985 1675 2027 1742 ὦ
2074 1677 2336 1758 βέλτιςε
2384 1679 2498 1759 σύ,

1021 1787 1412 1864 φαγοῦσα
1461 1781 1660 1866 πρῴην
1711 1787 1876 1848 σῦκα
1922 1791 2032 1860 τῆς
2081 1784 2522 1870 μεσημβρίας,

568 1887 798 1956 malim
865 1889 997 1954 fere
1064 1911 1274 1967 τραγ
1294 1892 1490 1954 οὖσα
1559 1894 1624 1955 et
1693 1889 2149 1975 Aristophanes
2218 1893 2281 1956 ἐν
2352 1897 2668 1972 Προαγῶνι
2732 1891 2953 1958 eodem

567 1993 760 2060 modo
801 1991 1057 2060 locutus
1100 1999 1215 2060 est.

657 2205 876 2272 Etiam
939 2203 1250 2272 facillima
1302 2207 1705 2273 acutissimos
1748 2209 1919 2273 viros
1963 2207 2163 2274 latere
2211 2213 2492 2295 possunt.
2584 2207 2951 2276 Secundum

568 2310 902 2377 Pollucem
949 2311 1016 2378 X
1067 2309 1196 2376 110
1243 2311 1410 2397 apud
1456 2309 1958 2398 Cephisodorum
1999 2317 2389 2401 conjunctim
2435 2315 2951 2382 memorabantur

569 2418 792 2493 σπονδὴ
865 2417 970 2484 καὶ
1041 2415 1772 2497 καταφαντισμός.
1864 2418 1939 2484 In
2001 2423 2478 2506 corruptissima
2541 2442 2693 2487 voce
2751 2444 2951 2486 κατα·

568 2523 921 2607 φαντισμός
938 2571 956 2604 ,
1004 2523 1373 2591 Meinekius
1409 2525 1623 2610 inquit
1640 2573 1658 2601 ,
1699 2525 1855 2611 quid
1890 2524 2088 2592 lateat
2126 2525 2239 2593 alii
2276 2526 2573 2594 viderint.
2620 2526 2948 2614 Reponam

567 2632 903 2718 equidem:
991 2628 1743 2711 καταρραντισμός.
1852 2630 2222 2717 Sequuntur
2304 2634 2475 2719 apud
2542 2632 2945 2699 Meinekinm

564 2736 1006 2823 Aristophanis
1071 2736 1466 2823 fragmenta,
1532 2736 1610 2801 de
1669 2737 1905 2823 quibus
1949 2743 2093 2823 post
2138 2743 2235 2804 tot
2279 2741 2565 2805 virorum
2614 2739 2946 2805 doctorum

564 2846 866 2929 repetitas
933 2862 1115 2908 curas
1181 2861 1385 2926 pauca
1444 2846 1594 2907 sunt
1657 2864 1820 2927 quae
1879 2843 2105 2909 addere
2171 2849 2411 2930 potero.
2504 2844 2773 2933 Legitur
2841 2866 2943 2932 ap.

565 2948 787 3037 Etym.
848 2948 944 3015 M.
1007 2968 1067 3033 p.
1133 2945 1286 3013 207.
1352 2945 1436 3012 53
1499 2947 1935 3035 fragmentum
1982 2950 2149 3035 quod
2196 2950 2515 3037 Bergkius
2560 2972 2624 3036 p.
2674 2949 2801 3015 961
2855 2954 2949 3017 ita

566 3053 804 3120 edidit:

1632 3170 1693 3227 Ψ
1712 3167 1746 3235 ἥ
1765 3164 1840 3243 κ’
1888 3160 2083 3242 ἠρέμα

1197 3265 1302 3332 τὸν
1349 3266 1750 3347 βουκέφαλον
1799 3266 1905 3332 καὶ
1954 3267 2338 3333 κοππατίαν.

564 3369 629 3438 A
667 3368 898 3438 Codice
944 3371 1560 3438 commendationem
1607 3372 1803 3437 habet
1843 3372 2108 3457 Ψήχετ’,
2148 3373 2315 3459 quod
2356 3370 2634 3439 Cobetus
2670 3377 2941 3460 arripuit
3064 3424 3085 3434 ,

555 3476 798 3545 Mnem.
852 3474 964 3542 IV.
1020 3476 1168 3543 127.
1220 3476 1444 3562 Neque
1490 3473 1769 3543 Cobetus
1805 3497 2007 3561 neque
2046 3476 2409 3553 Dindorfius
2448 3481 2559 3565 qui
2600 3480 2677 3545 de
2716 3477 2941 3555 Cobeti

556 3586 914 3670 conjectura
957 3580 1180 3645 retulit
1199 3630 1216 3653 .
1269 3581 1525 3647 videtur
1571 3582 2005 3647 observavisse
2049 3583 2168 3649 hoc
2213 3584 2403 3648 modo
2448 3588 2797 3669 spondeum
2845 3588 2942 3650 in-

553 3689 706 3754 ferri
772 3686 840 3752 in
908 3693 1211 3772 quartum
1281 3688 1510 3751 senarii
1580 3686 1805 3772 pedem
1828 3733 1845 3764 ,
1911 3708 2113 3773 quum
2174 3695 2319 3755 ante
2382 3692 2628 3772 Ψήχετ’
2691 3690 2941 3777 syllaba

554 3814 714 3879 quae
775 3793 1038 3869 excidit,
1106 3794 1455 3857 necessario
1513 3793 1919 3876 producatur.
2015 3795 2082 3858 Si
2129 3794 2271 3879 quis
2318 3800 2534 3861 autem
2583 3796 2938 3863 breviorem

553 3899 826 3965 formam
887 3900 1220 3962 restituere
1283 3896 1494 3981 volet,
1556 3897 1743 3963 facile
1806 3900 1931 3963 erit
1994 3900 2266 3965 scribere
2316 3910 2413 3975 Ψῆ
2463 3902 2518 3966 τ’
2566 3904 2784 3980 ἠρέμα.
2838 3900 2935 3968 Of.

551 4002 832 4073 Cobetus
873 4006 943 4069 in
988 4002 1234 4069 Mnem.
1284 4002 1355 4067 V.
1411 4002 1538 4069 112
1585 4008 1650 4069 et
1701 4004 1759 4067 ἕν
1804 4005 1887 4085 τῷ
1938 4007 2133 4086 Ἑρμῇ
2181 4009 2371 4087 λογίῳ
2418 4028 2479 4091 p.
2532 4006 2685 4072 488.

642 4214 848 4283 Venio
909 4214 989 4280 ad
1051 4214 1354 4301 paginam
1419 4211 1588 4298 985,
1651 4213 1765 4279 ubi
1825 4214 2272 4301 Aristophanis
2333 4216 2511 4282 locus
2558 4223 2690 4303 est,
2740 4238 2933 4304 quem

553 4320 831 4395 Gobetus
876 4318 1116 4385 Mnem.
1165 4317 1274 4397 IV,
1332 4318 1459 4385 115
1505 4319 1626 4385 hoc
1672 4321 1861 4387 modo
1906 4324 2279 4387 constituit:
