3369 5142
1377 301 1760 361 comeonsis.
2649 287 2690 359 4
2706 300 2725 361 1
2741 294 2780 359 5

406 483 490 550 Et
550 484 664 551 alii
725 485 1024 551 dixerunt
1086 484 1405 551 similiter.
1498 483 1621 549 Sed
1682 485 1918 550 veteris
1963 485 2321 550 comoediae
2367 483 2521 550 haec
2566 488 2782 551 omnia

406 598 556 657 sunt
600 598 666 658 et
712 590 1166 677 Imperatorem
1214 612 1461 677 quoque
1508 600 1792 657 veterem
1839 590 2158 655 comicum
2199 602 2454 676 poetam
2490 590 2783 657 laudasse

405 699 676 763 arbitror
692 746 709 777 ‚
774 698 1164 765 Menandrea
1224 704 1438 764 autem
1501 696 1695 765 Musa
1751 697 2124 781 pudibunda
2180 706 2275 763 est
2291 746 2310 782 ,
2360 697 2572 763 sordes
2617 700 2784 764 vitat

404 810 469 869 et
530 805 611 870 ab
674 809 919 890 spurcis
977 807 1135 871 iocis
1195 805 1401 870 aliena
1461 810 1578 869 est.
1629 802 1844 891 Rogat
1890 806 2147 869 veniam
2193 806 2304 888 qui
2349 803 2454 871 hio
2501 804 2785 890 loquitur

404 916 468 976 et
512 911 817 977 honorem
868 911 1131 977 auribus
1177 911 1535 997 praefatur3
1584 916 1800 975 tamen
1847 909 2132 975 desidero
2177 910 2604 977 honestiorem
2641 931 2782 997 pro-

403 1018 609 1084 verbii
674 1018 949 1083 formam
1012 1028 1076 1083 et
1136 1017 1297 1083 forte
1343 1017 1542 1082 incidi
1585 1019 1651 1081 in
1699 1016 1914 1082 locum
1929 1065 1944 1094 ,
1999 1020 2111 1102 qui
2156 1021 2506 1084 monstrare
2548 1020 2784 1103 poterit

405 1125 474 1191 id
536 1124 704 1210 quod
765 1123 1111 1190 Menander
1155 1124 1323 1189 mihi
1366 1123 1601 1188 dixisse
1646 1123 1924 1190 videtur.
2017 1122 2340 1211 Legebam
2386 1144 2587 1209 nuper
2629 1124 2786 1189 Dio-

402 1234 587 1319 genis
647 1231 975 1316 Epistulas
1029 1232 1095 1295 in
1160 1229 1452 1295 Parisino
1513 1229 1824 1294 Hereheri
1876 1228 2150 1295 editione
2197 1235 2261 1294 et
2307 1228 2550 1295 contuli
2597 1231 2783 1315 epist.

410 1336 533 1417 38,
597 1358 743 1426 pag.
793 1336 955 1403 253:
1012 1336 1115 1403 κοιὶ
1166 1336 1238 1411 δή
1284 1360 1436 1401 ποτε
1485 1332 1781 1401 εἰσελθὼν
1827 1336 1972 1415 πρὸς
2022 1335 2330 1416 μειράκιον
2377 1344 2495 1401 τῶν
2542 1337 2782 1417 σφόδρα

408 1444 675 1525 εὐπόρων
720 1444 1181 1521 κοιτοικλίνομαι
1231 1440 1290 1507 ἔν
1338 1466 1455 1508 τινι
1501 1442 1746 1523 ἀνδρῶνι
1783 1442 1990 1516 πάντη
2027 1445 2590 1524 κεκαλλωπισμένῳ
2628 1467 2786 1521 γραι-

405 1557 562 1631 Φοιῒς
611 1576 683 1615 τε
731 1549 837 1616 καὶ
886 1552 1133 1633 χρυσῶ,
1182 1550 1259 1623 ὡς
1307 1548 1464 1626 μηδὲ
1511 1544 1660 1614 ὅπου
1707 1548 1977 1629 πτόα-η
2021 1573 2115 1621 τις
2164 1549 2346 1615 τόπον
2401 1545 2575 1615 εἶναι.
2641 1548 2784 1616 Hoc

404 1656 824 1723 Menandrum
891 1658 1095 1723 decet:
1163 1658 1270 1721 οὐκ
1322 1653 1491 1737 ἔχεις
1564 1652 1742 1721 ὅποι
1812 1654 2141 1736 πτύσῃς.
2212 1658 2402 1722 ‘Ome
2469 1677 2581 1741 pro
2637 1653 2784 1722 ὅπου

406 1767 603 1829 etiam
668 1764 837 1849 apud
904 1762 1265 1849 Diogenem
1324 1762 1587 1828 fortasse
1643 1764 2018 1845 requiritur3
2083 1762 2161 1827 de
2220 1761 2571 1829 Menandro
2619 1769 2788 1828 certe

407 1870 725 1954 quomodo
795 1867 1003 1935 dicere
1068 1868 1359 1933 debuerit
1377 1916 1393 1945 ‚
1456 1888 1643 1934 nemo
1705 1868 2026 1955 ambiget:
2077 1869 2204 1949 τρὶς
2253 1892 2282 1932 ε
2301 1870 2319 1933 ἲ
2338 1895 2368 1944 ς
2417 1870 2507 1935 ἑὸν
2556 1868 2786 1933 {mvn

404 1974 633 2041 κόλπον
677 1974 1053 2042 Theocritus
1100 1974 1267 2039 dixit
1312 1978 1379 2040 et
1422 1976 1515 2040 sie
1560 1994 1781 2041 omnes
1826 1974 2196 2060 loquuntur.

496 2188 840 2256 Menander
883 2209 947 2274 p.
999 2186 1127 2257 107
1174 2186 1320 2255 Mk.
1365 2189 1461 2254 ite,
1505 2187 1742 2254 dixisse
1788 2188 2018 2254 fertur:

859 2296 911 2362 s}
955 2295 1071 2375 μὲν
1118 2293 1242 2376 γὰρ
1292 2289 1479 2361 οἶσθα
1526 2297 1738 2360 ταῦτ-οι
1785 2295 2265 2375 παραμενοῦντος,
2309 2319 2399 2361 σοι

859 2400 1122 2468 ἅπαντα
1170 2401 1275 2467 τὸν
1320 2399 1562 2483 χρόνον,
1610 2402 1910 2484 φύλαττε
1955 2400 2166 2481 μηδενὶ

864 2506 1042 2594 ἄλλῳ
1091 2508 1500 2589 μεταδιδούς,
1549 2507 1738 2581 αὐτὸς
1785 2509 1876 2576 ὢν
1927 2507 2003 2574 δὲ
2051 2509 2269 2592 κύριος.

406 2618 743 2684 Postrema
783 2617 981 2684 verba
1029 2614 1269 2683 Cobeto
1313 2615 1561 2682 Mnem.
1608 2615 1702 2682 lx
1756 2617 1902 2682 114.
1951 2619 2168 2701 spuria
2213 2623 2362 2682 sunt
2409 2622 2473 2683 et
2519 2637 2558 2682 a
2591 2613 2786 2682 Grae·

407 2723 552 2790 culo
612 2725 968 2809 supposita;
1026 2723 1289 2789 fortasse
1350 2729 1565 2788 tamen
1615 2723 1746 2788 leni
1792 2725 2144 2788 mutatione
2189 2742 2406 2788 veram
2454 2722 2786 2789 Menandri

406 2850 673 2895 manum
742 2849 1111 2914 recuperare
1168 2833 1554 2914 poterimus,
1614 2849 1776 2914 quae
1834 2829 2002 2894 mihi
2061 2829 2322 2896 videtur
2380 2851 2546 2896 esse:
2597 2829 2784 2901 αὐτὸς

407 2932 497 3000 ὧν
547 2931 625 3000 εἷ
670 2937 887 3018 κύριος.
934 2934 1057 3023 Pg.
1113 2933 1239 3000 109
1287 2934 1548 3020 supple:

949 3040 1278 3129 (καίτοι)
1327 3049 1526 3124 σιωπῇ
1572 3046 1734 3123 φασι
1784 3039 1978 3123 τούτῳ
2023 3043 2108 3122 τῷ
2155 3039 2280 3121 θεῷ

961 3150 1027 3214 οὗ
1073 3148 1197 3214 δεῖν
1244 3145 1571 3228 προσιέναι.

401 3253 561 3322 Mox
605 3255 774 3340 quod
818 3255 1145 3322 invenitur
1188 3276 1251 3341 p.
1306 3251 1471 3320 126:

847 3361 1025 3430 ἀλλὰ
1070 3359 1215 3436 θεὸς
1262 3361 1451 3435 οὐδεὶς
1502 3361 1587 3436 εἷς
1634 3362 1706 3428 τὸ
1754 3359 2114 3443 προκόλπιον
2161 3361 2392 3445 φέρει

856 3468 1175 3554 ἀργύριον,
1222 3465 1375 3534 ἀλλ’
1426 3467 1640 3534 ἔδωκεν
1688 3469 1889 3542 εὔνους
1938 3467 2310 3555 γενόμενος.,

403 3575 594 3662 paulo
641 3574 997 3664 elegantius
1040 3575 1255 3642 iudico
1301 3575 1353 3653 β
1370 3599 1401 3656 ρ
1422 3574 1450 3638 έ
1464 3600 1518 3657 χ
1538 3598 1605 3640 ει
1653 3596 1847 3661 quam
1895 3575 2091 3657 φέρει.
2142 3573 2388 3642 Deinde
2434 3597 2495 3662 p.
2549 3574 2712 3646 12¹7:

1220 3680 1324 3748 τὸν
1371 3681 1600 3749 δίκαιον
1643 3682 1740 3748 δεῖ
1780 3678 1922 3747 θεόν

858 3787 1001 3854 οἶκοι
1039 3787 1242 3868 μένειν
1287 3789 1559 3871 σώζοντα
1603 3790 1744 3862 τοὺς
1793 3786 2311 3868 1δρυμένους.,

402 3893 711 3962 facillime
754 3895 1169 3960 rescribetur:
1218 3897 1359 3968 τοὺς
1401 3895 1651 3961 &seza
1670 3877 1757 3973 [μ
1776 3919 1804 3961 ο
1823 3919 1983 3968 νοις.
2033 3895 2156 3983 Pg.
2185 3894 2313 3960 129
2355 3895 2781 3982 supplendum

402 4020 659 4067 censeo:

1307 4114 1460 4190 χοῦς
1510 4109 1876 4190 κεκραμένον

866 4213 1053 4280 οἴνου·
1104 4215 1319 4293 λαβὼν
1370 4213 1580 4281 ἔκπιθι
1627 4221 1839 4281 τοῦτον
1891 4221 1948 4294 (ε
1969 4211 2271 4298 ὐθὲως).

494 4429 798 4511 &equitur
846 4447 906 4512 p.
964 4425 1085 4490 131
1111 4447 1127 4492 ;
