3369 5142
620 329 749 402 164
1594 353 2018 406 morumn-

624 525 703 593 cl.
750 524 783 591 I
832 523 918 593 ’74
967 527 1145 605 ἡμεῖς
1192 527 1245 592 δ’
1292 525 1421 592 iord
1466 551 1537 592 τε
1583 538 1693 604 τῆς
1743 531 1848 595 οὐκ
1895 530 2074 606 οὔσης
2125 531 2216 594 ἔτι
2263 527 2590 608 ὁρμώμενοι
2640 527 2770 596 xri.
2819 525 3004 608 Quod

622 653 769 698 vero
825 634 894 697 in
957 632 1254 698 editionis
1314 652 1465 698 suae
1512 639 1909 722 stereotypae
1954 635 2357 702 adnotatione
2404 637 2624 700 critica
2669 633 2834 699 mihi
2878 654 3004 698 res-

620 739 844 824 pondit
904 737 1090 803 Stahl
1152 737 1313 816 „Sed
1370 763 1575 804 novam
1635 742 1910 827 patriam
1984 741 2344 808 Alcibiades
2399 761 2744 824 recuperare
2811 738 3003 805 νῶθ’

618 844 685 908 id
746 844 1009 909 candide
1066 844 1265 910 fateor
1308 866 1415 910 me
1459 865 1583 912 non
1630 847 2012 935 intelligere.
2105 848 2480 930 Receperat-e
2525 849 2696 912 enim
2743 849 2808 910 et
2855 845 3005 908 οἰνα-

620 953 884 1015 κτᾶσθαι
927 950 1373 1016 tantummodo
1418 953 1475 1016 is
1524 952 1652 1017 dici
1700 959 1946 1039 potest.
1996 955 2106 1040 qui
2153 952 2358 1018 denuo
2403 950 2789 1018 nanciscitur
2835 949 3002 1034 quod

619 1063 765 1122 ante
833 1058 966 1120 iam
1035 1057 1297 1140 habuit,
1362 1057 1471 1122 sed
1534 1079 1768 1124 novam
1831 1080 1966 1125 rem
2031 1059 2354 1137 κτώμεθα,
2419 1059 2839 1141 adipiscimur,
2887 1077 3002 1122 nec

618 1162 971 1228 audiendus
1016 1167 1111 1227 est
1156 1162 1519 1228 Ludovicus
1566 1163 1916 1243 Tillmans,
1967 1167 2078 1251 qui
2116 1187 2318 1250 nuper
2351 1169 2418 1229 in
2456 1165 2650 1230 Novis
2686 1165 3002 1226 annalibus

610 1269 988 1352 philoloqiciae
1046 1275 1103 1332 οι
1149 1269 1569 1351 paedaqoqicis
1617 1268 1726 1354 99,
1781 1270 1886 1355 10,
1933 1292 1996 1356 p.
2047 1271 2180 1336 694
2223 1291 2360 1356 sqq.
2411 1270 2844 1335 demonstrare
2887 1290 3000 1355 ag-

616 1395 874 1461 gressus
920 1379 1017 1440 est
1063 1375 1258 1441 verba
1300 1376 1411 1449 την
1449 1377 1555 1440 οὐκ
1598 1373 1782 1442 οὖσαν
1821 1375 2154 1462 Spartam,
2195 1398 2321 1443 non
2360 1376 2678 1449 Athenas,
2719 1379 3000 1459 spectare

614 1487 680 1546 et
704 1485 717 1499 '
740 1481 1267 1564 praepositionem
1331 1481 1670 1546 verborum
1737 1483 2129 1548 ἀνακτᾶσθαι
2191 1489 2255 1548 et
2315 1481 2670 1558 ἀναλαβεῖν
2717 1480 3000 1563 itemque

614 1605 960 1672 pronomen
1030 1586 1226 1660 αὐτὴν
1292 1587 1359 1649 in
1428 1589 1658 1652 vicinia
1720 1609 1843 1654 non
1903 1588 1983 1654 ad
2050 1591 2159 1663 τὴν
2223 1589 2443 1653 ἑαυτοῦ
2509 1586 2619 1652 sed
2667 1584 2746 1652 ad
2797 1583 2996 1649 solam

602 1691 851 1775 patriae
894 1693 1218 1757 notionem
1267 1713 1401 1756 esse
1446 1691 1790 1758 referenda.
1886 1696 2120 1760 Actum
2168 1697 2341 1760 enim
2389 1696 2548 1758 foret
2597 1691 2673 1756 de
2721 1695 2856 1755 arte
2899 1691 2993 1753 in-

616 1797 1034 1884 terpretandi,
1082 1799 1140 1862 si
1184 1799 1307 1882 ipsi
1351 1795 1740 1863 Graecorum
1789 1799 2166 1884 scriptorum
2213 1800 2516 1884 principi,
2567 1801 2778 1882 spreta
2824 1796 2998 1860 omni

616 1906 957 1972 verborum
1016 1906 1399 1990 proprietate
1444 1907 1537 1968 ita
1585 1906 1858 1970 scribere
1901 1906 2222 1980 licuisset,
2273 1909 2347 1969 ut
2391 1923 2580 1968 nemo
2627 1923 2816 1968 sanus
2863 1903 2998 1966 eius

613 2013 994 2077 sententiam
1054 2013 1300 2095 assequi
1358 2015 1601 2094 posset,
1652 2016 1718 2074 et
1763 2011 1998 2076 melius
2044 2032 2193 2075 eum
2243 2010 2698 2094 deponeremus
2745 2008 2822 2072 de
2867 2026 2997 2071 ma-

617 2118 823 2182 nibus.
918 2115 1041 2182 Sed
1099 2116 1381 2182 Athenas
1443 2115 1521 2180 ab
1570 2115 1906 2182 Alcibiade
1951 2119 2206 2202 respici,
2255 2137 2379 2181 non
2427 2114 2720 2200 Spartam
2743 2163 2760 2198 ‚
2810 2116 2875 2178 et
2919 2133 2996 2178 ex

616 2223 910 2288 universo
955 2220 1082 2287 loci
1127 2227 1428 2286 contextu
1476 2226 1611 2285 tam
1658 2223 1995 2287 manifesto
2042 2229 2336 2307 apparet,
2375 2225 2450 2286 ut
2489 2220 2660 2285 haud
2701 2239 2997 2304 assequar

618 2348 741 2412 quo
806 2333 989 2412 pacto
1052 2330 1343 2412 cuiquam
1405 2327 1718 2392 contraria
1777 2329 1989 2412 opinio
2049 2330 2222 2392 nasci
2279 2327 2585 2412 potuerit,
2628 2329 2692 2392 et
2739 2325 2998 2392 Classen

616 2436 683 2497 in
748 2432 958 2498 adnot.
1021 2433 1241 2498 critica
1300 2437 1649 2509 contortam
1709 2432 1894 2498 illam
1944 2443 2008 2498 et
2051 2434 2349 2498 absonam
2399 2432 2857 2517 interpretandi
2901 2451 2996 2497 ra-

614 2541 855 2606 tionem
924 2541 1016 2605 ita
1076 2537 1477 2626 profligavit,
1542 2542 1615 2603 ut
1677 2538 2134 2626 aliquantisper
2193 2544 2362 2607 certe
2423 2539 2594 2605 hunc
2653 2538 2868 2607 locum
2916 2538 2996 2606 ab

619 2645 735 2713 illa
780 2651 995 2710 tutum
1045 2648 1175 2711 tore
1222 2641 1549 2709 confidam.

709 2751 797 2817 VI
856 2750 941 2817 95
989 2752 1026 2835 ᾖ
1074 2752 1106 2813 1
1175 2741 1209 2823 ἢ
1258 2748 1484 2830 ἐπράθη
1533 2748 1859 2815 ταλάντων
1905 2751 2013 2815 οὐκ
2058 2748 2322 2817 ἔλασσον
2368 2750 2552 2816 πέντε
2598 2750 2702 2815 καὶ
2754 2750 2996 2816 εἴκοσιν.

618 2858 833 2937 Quum
898 2856 1269 2940 praesertim
1328 2854 1655 2920 ταλάντων
1707 2876 2082 2940 suspensum
2129 2858 2216 2921 sit
2262 2858 2341 2922 ab
2389 2853 2652 2940 ἐπράθη,
2701 2856 2782 2921 ad
2825 2855 3000 2922 inde-

620 2962 915 3029 clinabile
953 2961 1136 3025 πέντε
1177 2960 1281 3025 καὶ
1324 2959 1543 3025 εἴκοσιν
1582 2960 1868 3027 desidero
1907 2962 2196 3028 voculam
2225 2963 2258 3038 ἥ
2283 2961 2489 3047 (stud.
2519 2962 2719 3027 Thuc.
2747 2959 2862 3048 90)
2887 2984 3000 3029 neo

615 3068 995 3154 persuadent
1038 3066 1203 3131 mihi
1248 3065 1541 3151 exempla
1578 3068 1716 3131 eius
1753 3069 2022 3133 omissae
2055 3068 2224 3153 apud
2262 3068 2669 3156 Kruegerum
2705 3067 2994 3136 Gramm-

619 3172 733 3241 Gr.
796 3172 904 3252 49,
968 3172 1011 3237 2
1076 3172 1221 3237 adn.
1289 3170 1349 3237 3.
1444 3170 1854 3261 Thucydides
1916 3180 2082 3240 certe
2139 3173 2366 3240 addere
2429 3175 2589 3239 solet
2635 3174 2783 3240 Vid.
2829 3198 2894 3241 v.
2943 3195 2992 3241 o.

618 3300 809 3366 supra
859 3280 892 3345 1
945 3282 980 3365 g
1027 3278 1069 3345 2
1118 3286 1182 3345 et
1226 3278 1387 3343 infra
1430 3276 1516 3345 97
1565 3279 1601 3363 ᾖ
1648 3277 1713 3343 3.
1807 3279 1881 3343 In
1926 3285 2212 3346 extremo
2257 3281 2461 3365 capite
2507 3282 2557 3345 οἱ
2606 3281 2657 3346 δ’
2707 3280 2994 3360 ἐξέπεσον

620 3384 936 3467 Ἀθήναζε
1006 3390 1157 3450 nota
1223 3383 1638 3471 brachylogia
1707 3384 1952 3450 dictum
2015 3405 2129 3470 pro
2187 3385 2240 3451 οἱ
2303 3386 2352 3451 δ’
2419 3387 2782 3460 ἐκπεσόντες
2857 3388 2992 3474 (pro

618 3492 1045 3577 ἐκβληθέντες)
1114 3488 1346 3570 ἔφυγον
1397 3487 1744 3569 Ἀθήναζε,
1793 3511 1906 3555 nec
1963 3490 2143 3556 video
2188 3512 2301 3556 cur
2347 3513 2498 3557 cum
2544 3492 2866 3559 Classenio
2913 3492 2986 3560 ad

614 3617 846 3664 novam
894 3602 957 3662 et
998 3596 1358 3662 inauditam
1396 3596 1575 3662 verbi
1618 3595 1940 3660 ἐκπίπτειν
1977 3595 2112 3661 scil.
2152 3601 2260 3661 τοῦ
2301 3600 2564 3679 φεύγειν
2601 3620 2648 3664 s.
2693 3599 2989 3681 σῴζεσθαι

614 3706 939 3770 notionem
986 3702 1446 3787 confugiamus.
1509 3702 1777 3765 Prorsus
1820 3704 1944 3779 ita,
1993 3707 2068 3765 ut
2112 3701 2228 3767 hoc
2273 3707 2451 3780 utar,
2502 3703 2689 3771 Plato
2728 3706 2795 3770 in
2846 3706 2998 3772 Pro·

618 3816 840 3897 tagora
883 3830 945 3893 p.
995 3807 1123 3872 311
1162 3809 1219 3873 A
1268 3807 1432 3871 dixit
1471 3804 1845 3882 ἐξαναςῆναι
1884 3807 1968 3879 εἰς
2009 3808 2119 3881 τὴν
2154 3809 2382 3884 αὐλήν,
2423 3811 2466 3873 i.
2495 3830 2545 3875 e.
2599 3807 2996 3887 ἐξανωςοέντοι

610 3914 764 3982 ἱέναι
812 3917 894 3986 εἷς
944 3915 1053 3989 τὴν
1102 3912 1317 3986 αὐλήν.

714 4020 803 4088 VI
866 4016 951 4085 96
1015 4021 1051 4105 ᾖ
1098 4018 1160 4085 2.
1226 4018 1644 4098 ἐξήρτηται
1692 4019 1818 4098 γὰρ
1863 4018 1934 4084 τὸ
1979 4018 2143 4085 ἄλλο
2186 4021 2445 4103 χωρίον,
2495 4022 2600 4088 καὶ
2649 4022 2840 4104 μέχρι
2886 4032 2997 4099 τῆς

626 4128 861 4201 πόλεως
926 4124 1228 4199 ἐπικλινές
1291 4148 1363 4188 τε
1424 4125 1516 4194 ἐςι
1580 4126 1683 4189 καὶ
1751 4126 2048 4207 ἐπιφανὲς
2108 4130 2234 4193 πᾶν
2284 4127 2435 4193 ἔσω·
2485 4128 2590 4194 καὶ
2641 4130 2995 4207 ὠνόμασται

630 4235 749 4301 ὑπὸ
810 4240 927 4299 τῶν
994 4232 1376 4311 Συρακοσίων
1423 4231 1527 4298 διὰ
1572 4232 1643 4296 τὸ
1691 4234 1986 4308 ἐπιπολῆς
2035 4238 2142 4299 τοῦ
2189 4234 2384 4302 ἄλλον
2432 4233 2586 4303 εἶναι
2635 4238 2996 4305 Ἐπιστολαί.

629 4341 1008 4407 Scholiasta:
1062 4340 1167 4416 μὴ
1217 4338 1314 4401 ἐπὶ
1362 4343 1470 4402 τοῦ
1520 4336 1896 4417 ἐξηρτῆσθαι
1945 4340 2050 4405 καὶ
2097 4344 2495 4421 μετεωρίσθαι
2554 4344 2992 4430 οἷκουέσθω,

622 4448 803 4522 οὔσης
864 4454 975 4521 τῆς
1038 4445 1303 4516 διανοίας
1362 4445 1641 4509 τοιοῖσδε·
1690 4445 1758 4509 τὸ
1806 4446 1932 4529 γὰρ
1979 4445 2140 4512 ἄλλο
2185 4450 2401 4529 χωρίον
2449 4451 2611 4523 πλὴν
2657 4459 2773 4517 τῶν
2821 4474 2998 4536 προσ·
