3369 5142
1365 268 1794 323 mmmm.
2628 248 2761 321 303

389 464 439 505 π
458 452 499 505 λ
516 464 544 505 ο
562 465 597 504 υ
616 468 645 515 ς
712 442 855 532 (hoc
917 446 1171 509 tantum
1232 464 1419 509 sensu
1481 444 1681 511 Thuc.
1747 443 2131 511 vocabulum
2188 446 2480 531 usurpat)
2543 444 2756 523 ὀλίγαι

390 548 705 625 ἐγίγνοντο
773 551 808 634 ξ
857 549 897 613 5
968 550 1073 615 καὶ
1122 546 1256 615 ὅσον
1300 551 1417 628 μὲν
1459 550 1670 631 χρόνον
1716 551 2152 632 προσεφέροντο
2200 556 2421 627 ναῦς,
2487 552 2550 615 οἱ
2597 550 2754 615 ἀπὸ

389 661 539 720 τῶν
601 648 1267 736 καταςρωμοὶτων
1324 664 1449 729 τοῖς
1516 659 1812 730 ἀκοντίοις
1875 659 1980 722 καὶ
2035 657 2373 736 τοξεύμασι
2422 658 2525 722 καὶ
2576 658 2756 729 λίθοις

390 760 669 842 ἀφθόνως
719 763 847 849 [ἐπ’
895 760 1110 851 αὐτὴν]
1157 764 1415 844 ἐχρῶντο
1439 787 1453 801 ·
1501 765 1706 837 ἐπειδὴ
1758 765 1822 829 δὲ
1869 762 2302 848 προσμίξειαν,
2351 762 2400 829 οἱ
2450 762 2755 841 ἐπιβάται

395 870 455 939 ἐς
526 879 747 950 χεῖρας
818 870 1007 943 ἰόντες
1074 872 1388 949 ἐπειρῶντο
1450 879 1638 943 ταῖς
1702 872 2080 947 ἀλλήλων
2143 872 2350 937 ναυσὶν
2398 870 2758 948 ἐπιβαίνειν.

393 972 625 1041 Contra
716 983 999 1042 mentem
1068 978 1392 1062 scriptoris
1458 978 1917 1063 interpolatum
1985 984 2082 1043 est
2151 978 2248 1042 ἐπ’
2319 978 2543 1056 αὐτῆνς
2615 999 2762 1043 nam

394 1081 803 1147 manifestum
874 1090 970 1147 est
1036 1104 1161 1149 non
1230 1087 1485 1149 tantum
1554 1086 1692 1149 eius
1758 1088 1942 1149 navis
1959 1132 1976 1161 ‚
2045 1105 2237 1169 quam
2308 1086 2488 1149 navis
2549 1082 2764 1167 aliqua

389 1192 657 1271 peteret,
722 1190 1089 1275 sagittarios
1155 1196 1219 1253 et
1287 1188 1664 1255 iaculatores
1737 1193 1988 1255 eminus
2056 1210 2371 1278 pugnasse
2391 1238 2406 1267 ,
2479 1190 2588 1255 sed
2660 1189 2762 1255 vel

386 1296 597 1380 magis
666 1293 879 1367 illius,
948 1315 1109 1378 quae
1178 1296 1407 1361 infesta
1474 1294 1920 1383 adnavigaret,
1995 1317 2120 1361 non
2181 1295 2368 1361 aliter
2427 1316 2621 1381 quam
2685 1296 2764 1361 de

390 1398 727 1465 classiariis
788 1420 939 1466 mox
996 1402 1242 1467 dicetur
1302 1410 1443 1474 ταῖς
1506 1404 1891 1477 ἀλλήλων
1951 1402 2162 1467 ναυσὶν
2223 1404 2584 1480 ἐπιβαίνειν.
2679 1402 2765 1467 Et

388 1506 507 1571 hac
563 1508 703 1591 ipsa
756 1507 833 1573 de
878 1527 1067 1574 causa
1114 1510 1423 1592 scriptum
1472 1513 1567 1573 est
1612 1509 1663 1572 οἱ
1711 1510 1838 1573 ἀπὸ
1885 1516 2000 1573 τῶν
2051 1508 2557 1587 καταςρωμοίτων
2576 1558 2593 1592 ,
2641 1529 2766 1574 non

394 1613 446 1677 οἱ
494 1615 619 1679 ἀπὸ
668 1619 775 1679 τοῦ
824 1616 1335 1693 καταςρώματος.

481 1718 635 1806 Gap.
703 1720 811 1795 71,
863 1721 903 1785 6
966 1720 1147 1785 ἄλλοι
1212 1720 1275 1787 δὲ
1340 1721 1443 1785 καὶ
1508 1722 1559 1785 οἱ
1621 1730 1861 1790 πλεῖς-οι
1924 1722 2032 1795 ἤδη
2094 1723 2226 1801 περὶ
2293 1725 2470 1802 σφοῖς
2540 1723 2761 1793 αὐτοὺς

395 1827 556 1911 [καὶ]
622 1824 739 1907 ὅπῃ
800 1830 1166 1901 σωθήσονται
1217 1826 1581 1892 διεσκόπουν.
1681 1828 1846 1907 Quid
1894 1828 2070 1893 aliud
2113 1833 2466 1914 spectarent
2521 1834 2766 1914 praeter

390 1932 665 1998 salutem
712 1954 926 2011 suam,
974 1954 1100 1999 non
1146 1954 1455 2018 assequor.
1509 1933 1716 2014 Quare
1761 1933 2028 1999 delenda
2071 1942 2166 1999 est
2213 1934 2457 2019 copula.

483 2037 633 2125 Cap.
687 2040 806 2118 72,
860 2038 902 2104 2
946 2042 997 2105 οἱ
1043 2040 1100 2107 δ’
1153 2038 1470 2113 Ἀθηναῖοι
1520 2041 1635 2105 ὑπὸ
1683 2037 1993 2118 μεγέθους
2042 2046 2160 2104 τῶν
2207 2040 2516 2120 παρόντων
2563 2048 2764 2105 κακῶν

392 2152 601 2228 νεκρῶν
646 2148 762 2223 μὲν
814 2146 1001 2231 [πέρι]
1049 2147 1083 2221 ἢ
1136 2146 1443 2223 ναυαγίων
1493 2147 1617 2210 οὐδ’
1665 2146 1940 2212 ἐπενόουν
1982 2148 2238 2221 αἰτῆσαι
2277 2148 2604 2226 ἀναίρεσιν,
2654 2155 2766 2221 τῆς

393 2253 455 2318 δὲ
512 2255 723 2325 νυκτὸς
784 2252 1109 2331 ἐβούλοντο
1173 2250 1361 2323 εὐθὺς
1420 2255 1786 2331 ἀναχωρεῖν.
1835 2251 2178 2317 Manifesto
2225 2255 2508 2339 genetivi
2557 2259 2765 2331 νεκρῶν

393 2360 426 2434 ἢ
476 2360 787 2437 ναυαγίων
833 2358 1108 2445 pendent
1154 2359 1232 2422 ab
1278 2359 1523 2423 obiecto
1568 2360 1910 2439 ἀναίρεσιν,
1961 2378 2162 2441 neque
2207 2358 2408 2447 igitur
2454 2358 2630 2424 locus
2670 2363 2768 2425 est

389 2467 872 2552 praepositioni,
930 2486 1125 2551 quam
1168 2467 1438 2529 inseruit
1484 2467 1691 2530 nescio
1739 2468 1881 2549 quis
1923 2464 2048 2529 loci
2093 2468 2412 2529 structura
2457 2464 2628 2529 haud
2671 2468 2766 2529 in-

388 2573 665 2639 tellecta.

481 2677 631 2763 Gap.
687 2677 797 2762 ¹73,
847 2677 908 2742 3.
954 2677 1405 2743 Hermocrates
1451 2678 1652 2750 δεδιὼς
1698 2679 1788 2755 μὴ
1835 2678 1888 2741 οἱ
1939 2673 2256 2752 Ἀθηναῖοι
2299 2677 2453 2741 καθ’
2494 2679 2762 2758 ἡσυχίαν

392 2781 835 2866 προφθασωσιν
880 2784 941 2846 ἐν
986 2793 1061 2866 τῇ
1112 2783 1279 2848 νυκτὶ
1328 2779 1672 2854 διελθόντες
1723 2785 1808 2847 τοὶ
1854 2783 2296 2861 χαλεπώτατα
2343 2789 2460 2848 τῶν
2506 2787 2760 2869 χωρίων,

392 2889 631 2969 πέμπει
688 2896 805 2955 τῶν
866 2889 1113 2969 ἑταίρων
1170 2888 1342 2960 τινὰς
1409 2894 1525 2952 τῶν
1584 2889 1804 2953 ἐαυτοῦ
1852 2886 2003 2966 »μεθ’
2049 2891 2288 2954 ἱππέων
2335 2892 2479 2970 πρὸς
2527 2891 2596 2954 τὸ
2645 2893 2760 2956 τῶν

392 2995 743 3072 ’Λθηναίων
812 2994 1179 3077 ςρατόπεδον
1252 2992 1431 3069 ἡνίκα
1500 2991 1974 3075 ξυνεσκόταζεν·
2039 2988 2094 3058 οἳ
2150 2995 2644 3074 προσελάσαντες
2693 2996 2761 3074 ἐξ

392 3101 531 3170 ὅσου
592 3127 687 3176 τις
750 3101 1015 3182 ἔμελλεν
1075 3101 1442 3166 ἀκούσεσθαι
1507 3101 1611 3164 καὶ
1658 3099 2204 3177 ὥνακαλεσῶμενοί
2249 3124 2420 3173 τινας
2469 3103 2546 3174 ὦς
2593 3099 2757 3175 ὄντες

403 3209 545 3297 [τῶν
607 3207 975 3294 ’Λθηναίωή
1038 3206 1360 3282 ἐπιτήδειοι
1414 3202 1599 3292 (ἦσαν
1661 3204 1787 3285 γάρ
1851 3231 2008 3278 τινες
2068 3207 2152 3287 τῷ
2200 3207 2391 3290 Νικίᾳ
2438 3205 2764 3286 myrsam

392 3323 510 3381 τῶν
566 3313 829 3401 ἔνδοθεν)
879 3315 1153 3380 ἐκέλευον
1199 3310 1454 3394 φράζειν
1501 3327 1641 3376 κτλ.
1735 3311 1833 3377 Ex
1878 3313 2237 3398 parenthesi
2287 3324 2546 3398 apparet
2592 3313 2757 3382 Gen.

393 3430 511 3488 τῶν
554 3421 899 3498 Ἀθηναίων
944 3422 1213 3508 pendere
1260 3439 1384 3484 non
1433 3439 1609 3504 posse
1655 3440 1694 3484 a
1736 3421 2022 3505 sequenti
2067 3418 2392 3492 ἐπιτήδειοι
2409 3469 2426 3504 ,
2473 3421 2581 3486 sed
2629 3443 2766 3508 per-

392 3529 597 3595 tinere
654 3529 735 3596 ad
793 3547 1233 3617 praegressum
1294 3549 1465 3598 τινας
1486 3574 1503 3605 ,
1565 3525 1732 3611 quod
1793 3528 1942 3610 quia
1988 3531 2164 3591 vetat
2210 3527 2546 3593 verborum
2591 3529 2762 3608 ordo,

394 3640 508 3700 aut
544 3635 1077 3720 transponendum
1121 3640 1216 3700 est
1256 3633 1360 3698 καὶ
1402 3631 1945 3708 ὥνακαλεσιέμενοί
1979 3655 2148 3705 τινας
2173 3639 2292 3696 τῶν
2317 3630 2663 3706 Ἀθηναίων
2685 3639 2764 3710 ὣς

393 3739 558 3813 ὄντες
610 3740 973 3818 ἐπιτήδειοι,
1022 3747 1136 3806 aut
1156 3787 1173 3818 ‚
1222 3739 1387 3824 quod
1435 3745 1691 3824 propter
1737 3737 2194 3804 abundantiam
2239 3739 2404 3804 mihi
2439 3739 2764 3828 aliquanto

390 3847 783 3934 probabilius
803 3847 1058 3914 videtur
1073 3895 1092 3926 ‚
1118 3845 1539 3934 expungenda
1559 3851 1712 3911 sunt
1732 3845 1926 3912 verba
1950 3851 2067 3910 τῶν
2091 3843 2437 3920 Ἀθηναίων
2458 3853 2762 3934 tanquam

391 3954 730 4043 glossema.

436 4060 729 4128 -Ibidem
788 4061 827 4145 ἓ
876 4059 919 4123 4
980 4058 1083 4124 καὶ
1147 4059 1197 4122 οἱ
1262 4059 1375 4136 μὲν
1436 4058 1710 4133 εἰπόντες
1769 4061 2074 4135 ἀπῆλθον,
2136 4059 2242 4124 καὶ
2288 4061 2340 4124 02
2388 4060 2762 4138 ἀκούσαντες

394 4168 765 4247 διήγγειλαν
810 4175 939 4239 τοῖς
986 4171 1317 4246 ςρατηγοῖς
1366 4171 1481 4229 τῶν
1528 4165 1891 4239 ’Λθηναίωκ
1940 4167 2104 4252 (cap.
2156 4165 2268 4252 ¹74)
2311 4167 2362 4230 οἱ
2409 4167 2470 4232 δὲ
2510 4168 2657 4250 πρὸς
2688 4171 2762 4236 τὸ

392 4273 708 4356 ἄγγελμα
755 4273 1021 4354 ἐπέσχον
1070 4271 1179 4346 τὴν
1227 4271 1421 4336 νύκτα
1440 4319 1457 4348 ,
1506 4274 1867 4350 νομίσαντες
1916 4274 2023 4337 οὐκ
2069 4271 2322 4347 ἀπάτην
2369 4268 2541 4338 εἶναι.
2585 4272 2761 4342 Clas—

392 4405 505 4450 sen
562 4388 814 4450 mutata
875 4377 1391 4466 interpunctione
1449 4377 1648 4444 edidit
1692 4385 1810 4445 τῶν
1861 4375 2208 4456 Ἀθηναίων
2225 4427 2246 4464 ,
2289 4377 2340 4444 οἱ
2383 4379 2446 4444 δὲ
2493 4383 2644 4464 κτὰ,
2691 4385 2762 4449 in
