3369 5142
577 1044 720 1133 DE
777 1044 1076 1135 LOCIS
1134 1044 1739 1137 NONNULLIS
1794 1049 2529 1142 THUGYDIDEIS

977 1201 1043 1291 E
1097 1200 1460 1293 LIBRIS
1517 1202 1634 1293 VI
1690 1202 1823 1295 ET
1878 1203 2115 1295 VIII.

1398 1435 1683 1487 sonffsl'l·

1082 1626 1172 1693 H.
1220 1624 1398 1695 vAN
1443 1626 2028 1695 HERWERDEN.

1347 1848 1767 1961 m

449 2171 538 2237 VI
625 2172 684 2252 1,
750 2171 810 2237 2.
895 2174 1192 2246 Σικελίας
1261 2172 1552 2259 (Σικελία
1616 2178 1787 2239 recte
1844 2174 2167 2263 Krueger)
2242 2175 2572 2257 περίπλους
2632 2176 2750 2257 μέν

357 2280 482 2347 ais-m
549 2279 767 2345 ὁλκάδι
830 2281 896 2345 οὐ
959 2280 1171 2359 πολλῷ
1232 2303 1350 2344 τινι
1399 2278 1660 2344 ἔλασσον
1710 2280 1745 2357 ἢ
1794 2280 1949 2345 ὀκτὼ
2002 2281 2267 2361 ἡμερῶν,
2316 2283 2423 2348 καὶ
2470 2284 2747 2360 τοσαύτη

355 2382 508 2451 οὖσα
576 2387 692 2472 [ἐν]
762 2385 947 2452 εἴκοσι
1013 2386 1240 2456 cabitos
1305 2383 1558 2464 μάλιςοι
1618 2385 1819 2469 μέτρῳ
1866 2395 1977 2463 τῆς
2028 2384 2366 2463 θαλάσσης
2414 2388 2748 2471 διείργεται

360 2491 431 2556 τὸ
496 2493 584 2569 μὴ
647 2493 978 2576 ἤπειρος
1039 2489 1256 2558 οὖσαι.
1351 2491 1704 2578 Postquam
1764 2494 1831 2557 in
1878 2493 2111 2558 Studiis
2160 2494 2551 2582 Thucydide&
2597 2518 2746 2586 pag.

355 2597 438 2665 81
510 2605 854 2685 praeeunte
915 2599 1249 2686 Kruegero
1311 2620 1438 2664 non
1486 2619 1612 2664 una
1660 2599 1737 2664 de
1784 2620 1975 2665 causa
2036 2603 2375 2688 proscripsi
2432 2605 2748 2690 praeposi-

355 2709 598 2772 tionem
669 2706 731 2770 ἐν
751 2755 768 2785 ,
839 2705 1006 2770 nihil
1073 2705 1347 2772 allatum
1408 2705 1580 2783 vidi,
1643 2705 1813 2790 quod
1875 2725 2017 2770 eam
2081 2711 2367 2774 tueretur
2427 2713 2493 2773 et
2527 2707 2746 2776 laetus

357 2811 785 2876 animadverti
828 2832 1086 2876 mecum
1133 2811 1338 2876 facere
1383 2814 1597 2876 virum
1639 2808 1869 2878 Graeci
1908 2812 2219 2877 sermonis
2253 2814 2741 2898 peritissimum,

281 2915 288 2922 ’
360 2914 666 2984 Carolum
725 2916 1136 2982 Badhamum
1155 2963 1172 2995 ‚
1235 2919 1344 3002 qui
1407 2917 1628 2982 eadem
1691 2916 1900 2982 deleta
1956 2917 2221 2984 fortasse
2282 2925 2455 2985 recte
2514 2921 2744 3006 probat

357 3024 748 3090 deteriorum
808 3023 1209 3109 quorundam
1267 3021 1580 3088 librorum
1641 3026 2024 3108 scripturam
2084 3025 2467 3108 εἰκοσιςαδίῳ
2514 3027 2737 3109 μέτρῳ.

352 3130 532 3196 Idem
599 3129 834 3209 ἤπειρος
899 3123 1052 3194 οὖσαι
1071 3176 1087 3207 ,
1154 3129 1342 3195 hodie
1403 3128 1719 3196 violenter
1762 3134 2090 3196 mutatum
2148 3131 2227 3196 ab
2276 3131 2627 3199 editoribus
2671 3137 2741 3200 in

356 3237 594 3315 ἤπειρος
683 3231 870 3314 εἶναι,
946 3241 1130 3302 acute
1197 3236 1474 3300 tentavit
1543 3234 1872 3300 scribendo
1944 3236 2499 3318 ἦπειροῦσθαι,
2567 3240 2741 3325 quod

351 3345 564 3408 neseio
627 3363 707 3408 an
772 3345 858 3408 sit
919 3341 1357 3427 recipiendum
1376 3389 1392 3420 ‚
1452 3339 1608 3406 licet
1658 3342 1905 3428 ambigi
1949 3361 2132 3426 posse
2178 3341 2475 3408 videatur
2518 3350 2742 3412 utrum

352 3451 444 3516 sic
491 3451 820 3534 scripserit
866 3448 1276 3535 Thucydides
1324 3468 1404 3514 an
1453 3447 1945 3527 ἦπειρῶσθοιι
1994 3449 2123 3512 i.e.
2170 3449 2241 3513 τὸ
2280 3449 2369 3525 μὴ
2412 3451 2740 3533 ἤπειρος

351 3555 888 3633 γεγενῆσθαι.
985 3553 1374 3621 Scholiasta:
1436 3551 1536 3618 ἵνα
1587 3556 1675 3631 μὴ
1726 3553 1964 3633 ἤπειρος
2014 3549 2072 3634 ᾖ.
2166 3553 2275 3620 Ad
2321 3556 2503 3623 verbi
2548 3577 2742 3624 usum

350 3660 430 3725 cf.
480 3658 542 3725 II
594 3659 744 3745 102,
792 3663 854 3728 3.
906 3661 1020 3725 εἰσὶ
1068 3667 1186 3725 τῶν
1232 3661 1424 3736 νήσων
1472 3651 1541 3725 αἳ
1588 3660 2105 3740 ἦπεΙρωντσιι.

442 3765 529 3832 VI
603 3767 661 3845 1,
715 3765 776 3845 5,
829 3765 887 3831 6.
938 3765 1226 3832 Ioculare
1274 3771 1370 3832 est
1415 3767 1631 3832 videre
1669 3787 1749 3831 ex
1789 3766 2276 3832 novissimorum
2314 3768 2740 3856 interpretum

351 3873 998 3940 commentationibus
1020 3924 1037 3957 ,
1099 3894 1212 3938 cur
1275 3871 1689 3958 Thucydides
1708 3919 1723 3948 ,
1788 3873 1903 3957 qui
1950 3878 2311 3939 constanter
2356 3873 2515 3942 alibi
2560 3897 2739 3944 more

349 3979 717 4066 aequalium
779 3985 844 4046 et
889 3977 1300 4064 popularium
1348 3980 1604 4063 scripsit
1649 3977 1875 4058 βορέας
1925 3984 1990 4044 et
2035 3975 2215 4044 ἕνεκα
2237 4028 2256 4064 ,
2304 3981 2508 4048 semel
2553 3982 2740 4050 dede-

347 4089 434 4152 rit
495 4086 721 4167 βορρᾶς
787 4090 851 4152 et
913 4081 1131 4150 ἕνεκεν.
1228 4082 1490 4150 Scilicet
1533 4085 1604 4149 in
1649 4084 1770 4149 hac
1815 4082 2074 4149 Siciliae
2122 4085 2541 4171 descriptione
2588 4110 2741 4156 auc-

349 4197 552 4258 torem
615 4196 870 4258 secutus
939 4197 1034 4256 est
1101 4189 1492 4255 Antiochum
1549 4188 2058 4276 Syracusanum,
2130 4193 2313 4258 cuius
2381 4201 2737 4269 Σικελιῶτις

351 4298 701 4379 συγγραφή
768 4301 1064 4382 excerpta
1125 4296 1204 4362 ab
1253 4298 1391 4380 ipso
1439 4301 1747 4380 tanquam
1796 4315 1833 4359 a
1877 4315 2073 4380 puero
2118 4296 2187 4360 in
2232 4295 2386 4362 ludo
2428 4296 2741 4366 litterario

349 4403 556 4472 effecit
615 4409 691 4468 ut
750 4405 852 4470 vir
898 4404 1326 4492 gravissimus
1373 4405 1474 4467 sui
1520 4403 1831 4466 sermonis
1876 4403 1971 4466 ita
2014 4400 2284 4487 turpiter
2330 4401 2568 4470 oblitus
2614 4409 2701 4471 sit
2716 4453 2735 4485 ,

2375 4521 2441 4569 10
