3369 5142
620 282 707 351 90
1575 294 1998 355 muornmns.

615 474 805 543 Dind.
863 470 1000 555 ’τοῖς
1064 478 1128 545 δὲ
1168 478 1476 554 Ἕλλησιν
1526 516 1607 529 -
1657 476 1938 545 άπέδωκε
1987 476 2300 558 Μέγαρα,
2349 469 2681 559 Τροιζῆνα,
2738 472 3008 561 Πηγάς,

616 584 745 647 πάν
805 584 878 650 τὸ
940 584 1268 667 Ἀχαϊκόν.
1316 582 1500 651 Τοιιι.
1549 583 1599 649 1.
1646 605 1790 673 pag.
1846 578 1999 650 2⁵78.
2049 584 2364 649 άπέδωκεν
2414 584 2639 649 ἑκοῦσα
2688 580 3006 665 Μέγαρα,

617 687 930 775 Νίσαιαν,
1000 690 1337 772 Τροιζῆνα,
1399 691 1718 773 Ἀχαΐαν,
1786 688 2049 768 Πηγάς.
2114 687 2297 756 Τοῑῑι.
2362 688 2411 754 I.
2478 710 2624 776 pag.
2698 684 2853 752 585.
2900 684 3005 750 καὶ

614 795 738 873 μην
809 797 913 860 καὶ
977 797 1257 877 Ἀχαΐαν
1321 820 1402 873 γε
1466 797 1568 861 καὶ
1637 791 1817 877 ἕτερα
1878 795 2193 875 μέμνησθε
2254 796 2606 865 ἀποδόντες.
2676 792 2857 859 Tom.
2922 791 3006 858 Π.

615 920 766 989 pag.
843 898 991 967 199.
1062 899 1327 982 ἔχοντας
1389 900 1707 981 Μέγαρα,
1770 904 2041 967 Νίσαιαν
2106 902 2211 965 καὶ
2276 902 2579 983 Τροιζῆνα
2624 899 2731 964 καὶ
2782 899 3006 977 Πηγὰς

617 1005 724 1071 καὶ
770 1008 1052 1089 Ἀχαΐαν
1100 1007 1308 1073 ἔπεισε
1358 1006 1692 1092 (Pericles)
1738 1012 1947 1072 ταῦτα
1998 1008 2344 1079 άποδόντας
2392 1007 2620 1087 εἷρήνην
2666 1002 3004 1070 συνθέσθαι.

619 1110 778 1192 Quis
842 1112 1078 1181 dixerit
1139 1112 1451 1199 quamdiu
1503 1116 1650 1177 ante
1696 1112 2051 1178 Arist-idem
2101 1118 2285 1199 turpe
2330 1112 2637 1178 mendum
2684 1110 2868 1176 libris
2912 1112 3007 1173 in-

618 1214 939 1285 haeserit?

707 1459 1001 1547 Thuoyd.
1048 1458 1099 1526 Ι.
1150 1457 1302 1525 115.
1353 1464 1470 1523 τῶν
1517 1457 1582 1524 δὲ
1629 1458 1886 1537 Σαμίων
1932 1459 2086 1531 τινὲς
2140 1496 2223 1508 -
2270 1457 2610 1537 ξυνθέμενοι
2658 1464 2777 1524 τῶν
2825 1458 2885 1523 ἐν
2923 1466 3000 1540 τῇ

619 1563 796 1631 πόλει
835 1573 960 1639 τοῖς
1003 1563 1448 1639 δυνατωτάτοις
1494 1565 1598 1629 καὶ
1642 1564 1975 1645 Πισσούθνη
2014 1565 2099 1645 τῷ
2143 1566 2511 1633 ’Ὑστάσπου
2538 1562 3000 1651 [ξυμμαχίαν],

618 1667 680 1745 ὃς
728 1667 869 1753 εἶχε
918 1670 1172 1750 Σάρδεις
1219 1671 1362 1736 τότε
1416 1707 1500 1720 -
1550 1670 1847 1747 διέβησαν
1896 1671 2011 1735 ὑπὸ
2059 1672 2257 1736 νύκτα
2306 1672 2365 1744 ἐς
2413 1673 2523 1747 την
2573 1668 2810 1748 Σάμον.
2859 1670 3001 1737 Non

618 1797 748 1844 uno
805 1777 1042 1843 indicio
1102 1783 1360 1863 apparet
1417 1773 1800 1856 ξυμμαχίαν
1862 1797 2001 1843 esse
2062 1777 2539 1863 interpolatum.
2627 1775 3001 1843 Ridiculum

619 1888 719 1948 est
756 1884 928 1948 enim
967 1881 1220 1949 exsules
1258 1882 1502 1967 aliquot
1538 1886 1747 1969 patria
1786 1887 2066 1949 extorres
2106 1892 2171 1949 et
2208 1886 2426 1970 inopes
2451 1883 2579 1948 diei
2615 1882 3000 1962 ξυμμαχίαν

616 1986 954 2065 ξυνθέσθαι.
1019 1986 1246 2054 Solum
1290 1988 1630 2064 ξυνθέμενοι
1680 1992 1771 2054 rei
1815 1994 2081 2055 naturae
2126 2010 2480 2077 congruum
2528 1994 2653 2069 est,
2710 1989 2880 2075 quod
2927 1988 3001 2054 de

618 2095 700 2159 iis
765 2093 1002 2160 dicitur
1062 2096 1174 2179 qui
1240 2100 1425 2179 pacta
1469 2100 1583 2161 aut
1628 2100 1939 2161 conventa
1981 2097 2149 2161 inter
2195 2116 2331 2162 sese
2378 2098 2847 2162 constituerunt
2892 2100 3003 2162 aut

615 2202 925 2286 privatim
972 2205 1086 2267 aut
1129 2199 1400 2285 publice.
1453 2199 1783 2286 Imprimis
1830 2200 2121 2287 frequens
2169 2216 2244 2267 eo
2284 2223 2476 2268 sensu
2512 2210 2610 2268 est
2648 2203 3002 2288 perfeetum

616 2303 990 2390 ξύγκειται,
1034 2303 1376 2389 ξυνέκειτο,
1424 2308 1492 2370 τὸ
1543 2304 1947 2384 ξυγκείμενον
1990 2308 2150 2393 quod
2190 2308 2569 2372 constitutum
2612 2316 2719 2373 est.
2815 2308 3003 2375 Prae-

615 2417 790 2478 terea
817 2472 822 2479 .
853 2431 926 2477 eo
993 2410 1131 2477 loco
1201 2414 1651 2496 interpositum
1718 2416 1815 2477 est
1873 2408 2294 2498 ξυμμαχίαν,
2354 2419 2431 2479 ut
2493 2412 2596 2481 vel
2658 2414 2726 2479 id
2786 2417 3005 2501 ipsum

616 2519 774 2585 satis
837 2516 1124 2585 fraudem
1192 2523 1443 2607 arguat.
1539 2517 1682 2585 Non
1736 2522 2003 2604 possunt
2050 2520 2221 2586 enim
2271 2518 2495 2590 divelli
2541 2522 2874 2606 Πισσούθνη
2918 2522 3001 2604 τῷ

617 2623 1018 2703 Ὑστάσπου,
1068 2621 1130 2696 ὃς
1177 2621 1316 2706 εἶχε
1368 2624 1619 2705 Σάρδεις
1667 2622 1835 2690 τότε.

706 2866 998 2955 Thucyd.
1057 2865 1111 2933 I.
1171 2865 1322 2933 115.
1372 2868 1510 2940 τοὺς
1561 2867 1816 2945 ὁμήρους
1866 2865 2235 2948 Κλέψαντες
2289 2867 2358 2933 ἐκ
2404 2869 2681 2947 Λήμνου.
2775 2870 2999 2937 Potior

617 2980 716 3040 est
748 2973 1060 3040 librorum
1101 2965 1523 3060 quorumdam
1562 2973 1753 3040 lectio
1796 2971 2305 3054 ’6Κκλέψαντες.
2348 2973 2653 3041 Kabom-sev
2692 2975 2771 3042 de
2808 2976 2997 3043 rebus

615 3081 767 3166 poni
836 3079 998 3146 solet
1047 3080 1288 3164 furtim
1355 3084 1471 3146 aut·
1511 3079 1703 3163 furto
1766 3085 2068 3164 surripere
2086 3129 2105 3155 ,
2167 3079 2529 3146 ἐκκλέπτειν
2592 3082 2669 3148 de
2714 3085 2996 3168 personis

615 3185 764 3248 olam
820 3186 1155 3250 subducere.
1223 3184 1461 3251 Herod.
1509 3183 1592 3250 ΙΙ.
1645 3183 1797 3252 115.
1859 3190 1967 3250 τοῦ
2019 3189 2279 3250 σεῶυτοῦ
2328 3185 2519 3266 ξείνου
2566 3189 2676 3264 τὴν
2721 3195 2999 3267 γυναῖκα

619 3327 704 3340 -
752 3289 917 3372 οἴχεο
965 3291 1306 3372 ἐκκλέψας.
1351 3290 1426 3355 In
1474 3289 1924 3376 Aristophanis
1970 3292 2225 3355 Acheru.
2275 3312 2370 3356 vs.
2418 3289 2567 3356 524.
2608 3291 2993 3381 legendum:

1160 3395 1380 3475 πόρνην
1427 3396 1491 3462 δὲ
1540 3396 1853 3474 Σιμαίθαν
1898 3395 2091 3469 ἰόντες
2142 3395 2489 3480 Μεγάραδε

1157 3501 1388 3568 νεανίαι
1440 3499 1867 3566 'Kanaka-rouen

1161 3602 1299 3690 κᾷθ’
1345 3607 1398 3671 οἱ
1445 3612 1753 3686 Μεγαρῆς

1165 3710 1632 3794 ἀντεξέκλεψαν
1677 3712 2041 3783 ’Δσπασίας
2084 3712 2277 3794 πόρνα
2322 3714 2444 3781 δύο.

709 3970 1000 4061 Thucyd.
1045 3971 1098 4037 Ῑ.
1149 3967 1302 4038 118.
1355 3970 1382 4036 ὃ
1435 3967 1496 4034 δὲ
1545 3966 1829 4056 (Apollo)
1880 3970 2122 4034 άνεῖλεν
2168 3970 2378 4045 αὐτοῖς
2432 4009 2515 4021 -
2564 3973 2735 4038 κατὰ
2777 3972 2995 4053 κράτος

617 4084 955 4160 πολεμοῦσι
1003 4079 1169 4153 νίκην
1213 4077 1456 4142 ἔσεσθαι
1498 4073 1603 4139 κα)
1646 4074 1830 4146 αὐτὸς
1873 4073 2057 4160 [ἔφη]
2096 4073 2515 4154 ξυλλήψεςθαι
2557 4077 2663 4142 καὶ
2704 4077 2995 4153 ἄκλητος.

613 4186 800 4254 'Pelle
858 4184 1089 4251 inutile
1133 4183 1413 4249 fulcrum
1459 4179 1583 4262 ἔφη
1631 4180 1956 4246 adiectum
2003 4201 2042 4247 a
2086 4178 2399 4248 Graeculo
2444 4185 2557 4269 qui
2602 4204 2728 4249 non
2768 4204 2991 4252 coneo-

620 4293 852 4380 quebat
899 4289 1339 4358 accusativum
1381 4287 1547 4362 νίκην
1595 4283 1837 4352 ἔσεσθαι
1884 4307 2031 4351 oum
2077 4288 2475 4352 nominativo
2523 4288 2711 4364 αὐτὸς
2760 4289 2993 4367 ξυλλή-

619 4402 850 4489 ψεσθαι
906 4395 1360 4486 compositum.
1457 4393 1820 4479 Utrumque
1878 4391 2111 4478 pendet
2164 4391 2242 4458 ab
2288 4393 2553 4458 ἀνεῖλεν.
2648 4393 2995 4464 Oraoulum
