3369 5142
1400 329 1784 380 comcontm.
2641 309 2768 379 251

399 502 691 589 aequales
756 505 857 570 ἐπ’
916 505 1179 587 ἀργυρίῳ
1236 501 1690 584 ἐσυκοφάντουν
1749 521 1876 568 non
1935 507 2219 578 tantum,
2267 503 2376 568 sed
2420 505 2616 567 etiam
2664 527 2770 568 πο-

400 617 670 685 λυτελῶς
742 613 1026 687 ἠσκοῦντο
1098 613 1203 677 καὶ
1276 619 1387 686 τῆς
1458 609 1801 689 εὐμορφίας
1873 613 1990 672 τῶν
2053 610 2190 673 καθ’
2252 610 2419 685 ἡμᾶς
2482 609 2770 685 ἀσελγῶν

398 717 658 782 πλείονα
728 719 1006 798 πρόνοιαν
1077 720 1397 784 ἐποιοῦντο.
1495 715 1742 782 Verum
1763 765 1780 791 ,
1855 717 1954 778 uti
2023 715 2322 798 arbitror,
2393 713 2774 780 delicatulus

401 823 767 890 adulescens
811 845 940 890 non
984 825 1178 892 habet
1223 823 1267 890 ἄ
1299 847 1380 889 το
1400 846 1513 902 μα
1560 821 1847 899 πώγωνος
1893 819 2074 898 βάθη
2104 872 2118 897 ,
2170 821 2337 906 quod
2376 819 2775 909 neglegentis

399 937 465 994 et
528 929 769 996 sordidi
812 933 1029 1017 potius
1076 937 1172 997 est
1218 951 1411 1017 quam
1456 931 1737 994 nimium
1787 927 2131 1016 elegantis,
2181 929 2290 994 sed
2338 926 2434 992 ἅτ
2457 952 2606 993 οπα
2656 928 2776 994 πώ-

400 1059 587 1115 γωνος
639 1035 844 1123 βάθη,
893 1038 1159 1104 barbam
1205 1040 1379 1104 enim
1426 1035 1543 1102 alit
1581 1039 1798 1100 insane
1839 1055 2163 1122 magnam.
2212 1033 2428 1099 'I'ertio
2464 1032 2778 1100 versiculo

398 1143 639 1208 vitium
698 1151 794 1210 est
846 1148 913 1210 in
972 1143 1242 1211 ridicule
1300 1143 1444 1210 ficto
1507 1141 1816 1208 vocabulo
1836 1191 1855 1225 ‚
1919 1140 2084 1226 quod
2134 1140 2522 1207 adiectivum
2573 1163 2780 1208 neces-

398 1250 565 1315 sario
635 1257 732 1315 est
796 1271 924 1316 non
992 1249 1467 1316 substantivum
1540 1250 1756 1332 itaque
1822 1252 2074 1313 mutata
2136 1249 2580 1312 terminatione
2629 1268 2778 1313 cum

400 1353 722 1422 Meinekio
789 1359 858 1421 in
929 1359 1173 1424 minore
1244 1356 1523 1422 editione
1602 1354 1918 1419 scribam:
1995 1363 2087 1432 Βρ
2107 1376 2252 1417 υσω
2273 1350 2779 1431 νοθρασυμα-

401 1461 1191 1544 χειοληψικερμοέσῳ
1256 1459 1525 1540 πληγεὶς
1590 1457 1861 1539 ἀνάγκη.
1956 1456 2081 1524 Sed
2127 1457 2333 1524 multo
2378 1461 2642 1546 gravius
2685 1462 2782 1525 vi·

401 1567 567 1630 tium
618 1571 714 1632 est
757 1568 827 1633 in
870 1569 1147 1634 secundo
1195 1588 1415 1642 νει-ως
1470 1566 1624 1652 quid
1672 1567 1840 1630 enim
1893 1568 1988 1630 est
2037 1563 2150 1628 ὑπὸ
2192 1561 2546 1629 matram?
2635 1565 2700 1630 Ν
2701 1586 2778 1632 on

392 1675 607 1760 magis
670 1673 791 1740 hoe
854 1677 1193 1760 quisquam
1260 1674 1466 1740 dicere
1514 1672 1804 1749 habebit,
1859 1691 2052 1756 quam
2099 1671 2424 1737 ostendere
2470 1692 2596 1757 quo
2640 1692 2779 1757 per-

394 1780 597 1844 tineat
642 1781 1001 1846 coniunctio
1050 1781 1176 1846 καί.
1222 1778 1642 1867 Intelligam:

663 1891 780 1950 τῶν
829 1885 899 1963 ἐξ
946 1885 1371 1962 Ἀκαδημείας
1419 1908 1546 1964 τις,
1598 1880 2145 1948 αὖτοπλάσων
2191 1884 2447 1948 δοκῶν.

396 1988 823 2055 Αὖτοπλάτων
856 1991 1103 2058 dictum
1138 1999 1235 2058 est
1274 1994 1465 2057 sicuti
1505 1987 1905 2073 αὖτοβορέας,
1947 1986 2276 2068 αὐτοθαΐς,
2321 1989 2730 2067 αὖτομὲλιννα
2749 2042 2768 2076 ,

396 2095 759 2176 abromum
824 2098 993 2184 apud
1055 2097 1391 2164 Cratinum
1455 2118 1575 2162 sec.
1626 2095 1942 2162 Cobetum
1989 2093 2228 2161 Mnem.
2283 2096 2362 2161 V.
2417 2094 2504 2162 98
2551 2105 2615 2164 et
2662 2100 2773 2163 αὖ·

394 2201 719 2276 τοέλληνες
786 2204 955 2290 apud
1018 2203 1355 2270 Platonem
1418 2205 1487 2268 in
1533 2202 1890 2269 Menexeuo
1935 2222 1996 2287 p.
2044 2199 2177 2266 245
2223 2200 2310 2267 D:
2364 2205 2771 2278 αὐτοέλληνες

390 2309 459 2372 οὐ
528 2307 983 2390 μιξοβάρβαροι
1052 2311 1366 2388 οἰκοῦμεν,
1440 2310 1519 2375 cf.
1592 2305 1812 2376 Cobet.
1883 2308 1952 2372 in
2019 2305 2171 2373 Var-
2243 2307 2418 2374 Lect.
2489 2331 2550 2396 p.
2612 2309 2761 2377 285.

390 2414 631 2481 Eodem
694 2437 882 2483 sensu
943 2415 1286 2503 Sophocles
1346 2415 1546 2482 dixit:
1614 2415 1679 2480 οὗ
1741 2421 1892 2487 ταῖς
1949 2414 2301 2495 Ἀχιλλέως
2349 2417 2498 2482 ἀλλ’
2546 2419 2767 2493 ἐκεῖνος

395 2523 582 2597 αὐτὸς
648 2517 722 2587 εἶ.
815 2521 1053 2590 Scribit
1114 2521 1301 2591 Plato
1361 2525 1430 2589 in
1478 2521 1754 2589 Politico
1801 2542 1862 2607 p.
1907 2518 2040 2588 269
2088 2521 2143 2589 E
2212 2521 2289 2589 de
2334 2523 2609 2591 mundo:
2680 2521 2771 2593 ὅτι

389 2630 499 2695 τὴν
544 2629 963 2705 ἆνακύκλησιν
1011 2628 1278 2710 εἴληχεν,
1330 2624 1421 2693 ὅτι
1462 2628 1876 2708 σμικροτάτην
1918 2638 2028 2703 τῆς
2077 2629 2329 2694 αὑτοῦ
2387 2634 2767 2707 κινήσεως

390 2732 812 2814 παραλλαξιν.
905 2734 1405 2821 Stallbaumius,
1490 2738 1601 2821 qui
1668 2734 1788 2800 hoo
1857 2735 1984 2799 sibi
2049 2733 2410 2822 intelligere
2477 2738 2732 2805 videtur
2751 2790 2769 2817 ,

390 2843 617 2905 vertit:
664 2842 771 2927 qui
813 2842 1051 2907 baberet
1096 2842 1399 2907 minimam
1442 2844 1513 2906 in
1557 2862 1673 2907 sua
1719 2844 1925 2927 ipsius
1969 2843 2252 2907 motione
2297 2842 2768 2911 declinationem.

386 2944 701 3033 Equidem
761 2950 1161 3036 scripserim.
1213 2972 1257 3011 α
1282 2948 1663 3023 ῦτοκινῆσ
1688 2972 1823 3017 εως
1846 2997 1863 3032 ,
1911 2948 2080 3033 quod
2127 2968 2358 3015 nomen
2402 2970 2528 3017 non
2571 2958 2779 3019 exstat

356 3053 560 3171 apud
617 3052 953 3120 Platonem
1013 3055 1269 3139 ipsum,
1336 3054 1446 3119 sed
1506 3054 1674 3140 apud
1739 3072 1879 3131 eos,
1948 3055 2060 3138 qui
2121 3054 2458 3120 Platonem
2533 3060 2776 3125 imitati

356 3130 558 3224 sunt.
653 3160 839 3246 Apud
912 3158 1185 3227 eundem
1255 3162 1324 3224 in
1392 3158 1679 3247 Legibus
1745 3156 1874 3223 VII
1943 3180 2001 3245 p.
2065 3156 2199 3226 81¹7
2246 3158 2302 3223 B
2371 3163 2564 3228 verba
2631 3171 2781 3230 sunt

390 3284 641 3343 eorum,
712 3268 825 3351 qui
884 3264 1072 3332 illam
1127 3263 1475 3351 perfectam
1532 3265 1864 3330 civitatem
1915 3263 2332 3331 condiderunt
2377 3265 2456 3332 ad
2504 3273 2782 3357 tragicos

392 3378 647 3456 poetas,
712 3374 823 3458 qui
894 3377 1192 3460 rog-arant
1262 3378 1335 3437 ut
1403 3372 1866 3457 reciperentur:
1942 3370 2119 3446 ἡμεῖς
2183 3371 2367 3447 ἐσμὲν
2428 3375 2778 3457 τραγῳδίας

390 3478 621 3543 αὐτοὶ
696 3477 1043 3553 ποιηταὶ
1117 3478 1291 3542 κατὰ
1353 3476 1611 3554 δύναμιν
1676 3473 1767 3541 ὅτι
1829 3476 2135 3550 καλλίςης
2198 3473 2342 3553 ἅμα
2389 3481 2494 3543 καὶ
2544 3482 2776 3560 &pls-nc.

394 3582 697 3649 Civitatis
762 3582 941 3649 illius
1005 3582 1359 3650 conditores
1420 3603 1545 3648 non
1610 3588 1790 3649 erant
1851 3584 2200 3661 τραγῳδίας
2265 3585 2438 3648 αὐτοὶ
2491 3590 2773 3666 ποιηταί,

391 3687 499 3755 sed
566 3690 1147 3765 αὖτοποιηταί.
1243 3688 1431 3775 Apud
1496 3688 1942 3777 Thucydidem
2011 3709 2354 3775 pronomen
2418 3694 2590 3757 αὐτοὶ
2655 3717 2780 3762 non

394 3815 713 3881 concoquo
772 3798 840 3860 in
901 3796 1109 3869 hisce,
1170 3794 1307 3860 VII.
1372 3794 1497 3861 57:
1546 3793 1868 3868 Ἀθηναῖοι
1916 3797 2030 3871 μὲν
2078 3796 2317 3861 αὐτοὶ
2363 3800 2627 3874 Ἴωνες
2679 3803 2781 3867 ἐπὶ

398 3904 637 3981 Δωριὶἑς
706 3902 1111 3981 Συρακοσίους
1174 3900 1409 3973 ἑκόντες
1478 3895 1688 3974 ἦλθον.
1784 3901 1950 3981 Quia
2010 3904 2322 3968 sentimus
2369 3910 2434 3970 et
2479 3909 2780 3975 novimus

394 4008 547 4094 quid
594 4010 849 4073 intersit
892 4010 1060 4074 inter
1107 4006 1523 4081 αὐτοέλληνας
1571 4013 1635 4073 et
1683 4006 2101 4092 μιξέλληνας,
2150 4006 2338 4074 facile
2387 4018 2484 4075 est
2541 4012 2778 4081 intelli-

391 4136 567 4203 gere,
644 4136 768 4201 quo
836 4135 1023 4181 sensu
1093 4113 1509 4180 Athenienses
1575 4112 1880 4199 appellati
1940 4115 2069 4179 sint
2127 4115 2563 4190 αὐτοΐωνες
2585 4168 2604 4203 ,
2667 4124 2778 4204 qui

393 4241 745 4305 numquam
808 4221 1063 4287 sedibus
1126 4222 1395 4285 mutatis
1440 4219 1557 4286 soli
1604 4218 2066 4307 propemodum
2114 4222 2280 4285 inter
2325 4240 2545 4288 omnes
2591 4226 2776 4290 αὐτό-

391 4326 622 4410 χθονες
692 4336 861 4395 sunt.
956 4328 1254 4394 Imitatus
1323 4325 1443 4393 hoc
1514 4334 1611 4393 est
1680 4326 1802 4393 Dio
1875 4324 2134 4393 Cassius
2198 4325 2300 4391 46.
2358 4326 2462 4403 19,
2528 4331 2642 4397 ubi
2701 4332 2778 4397 de

390 4435 656 4503 Caesare
728 4434 1015 4524 legimus
1082 4456 1233 4501 eum
1292 4454 1417 4500 non
1481 4434 1876 4499 recordatum
1939 4432 2133 4497 fuisse
2150 4481 2167 4516 ,
2232 4434 2322 4497 ὅτι
2380 4434 2486 4499 οὐκ
2523 4439 2779 4519 ’Λφρων
