3369 5142
1376 369 1496 418 rao
1542 353 1789 417 osn'mo.
2105 441 2116 452 .
2659 341 2791 410 203

401 543 727 628 diliqenter
769 546 985 609 minus
1035 547 1185 628 apta
1228 548 1380 607 sunt
1397 591 1414 626 ,
1454 563 1601 608 cum
1644 561 1771 606 non
1811 541 2036 605 statim
2078 538 2158 604 ad
2197 557 2422 604 causae
2457 537 2798 622 expositio-

401 669 547 714 nem
596 656 982 727 transeatur,
1033 656 1098 716 et
1142 654 1472 734 propterea
1518 647 1684 712 mihi
1731 653 2040 732 suspecta.

498 755 559 820 4.
628 777 817 833 „nam
892 756 1058 842 quod
1124 755 1201 819 de
1263 753 1499 839 pietate
1563 754 1853 830 dixistis,
1921 757 2017 818 est
2077 751 2336 838 quidem
2397 751 2524 815 ista
2584 752 2799 816 vestra

406 863 837 938 existimatio,
888 861 997 926 sed
1047 860 1358 924 iudicium
1410 864 1577 924 certe
1624 857 1966 944 parentis.”

498 967 959 1032 Restrictivum
1006 966 1171 1031 illud
1217 979 1371 1031 certe
1413 965 1638 1030 falsam
1694 965 1888 1030 infert
1933 967 2314 1031 sententiam
2333 1013 2351 1047 ,
2401 965 2584 1048 quasi
2629 961 2800 1027 iudi-

408 1072 585 1138 cium
646 1075 863 1138 minus
924 1081 1088 1138 esset
1152 1093 1341 1157 quam
1402 1073 1798 1136 existimatio
1859 1079 1925 1137 et
1971 1072 2049 1136 ab
2095 1071 2214 1136 hac
2257 1075 2438 1154 pater
2486 1069 2802 1135 abstinere

412 1177 683 1244 deberet.
782 1177 903 1244 Sed
975 1178 1123 1242 libri
1198 1177 1471 1242 habent:
1542 1189 1760 1242 nostra
1828 1182 2074 1263 praeter
2143 1175 2320 1241 Leid.
2388 1173 2469 1252 A,
2539 1177 2610 1239 in
2677 1193 2804 1258 quo

414 1296 613 1348 vestra
676 1291 792 1350 est.
840 1282 1001 1348 Vere
1048 1283 1394 1367 Sauppius:
1456 1289 1593 1364 „est
1638 1285 1764 1348 ista
1809 1282 2065 1367 quidem
2111 1287 2360 1356 vestra,
2415 1281 2542 1344 alia
2589 1284 2806 1345 nostra

416 1390 844 1472 existimatiO,
918 1388 1027 1454 sed
1096 1388 1411 1453 iudicium
1480 1395 1651 1453 certe
1719 1387 2054 1472 parentis.·'’
2146 1387 2281 1452 Nec
2349 1389 2482 1452 iam
2545 1384 2805 1450 offendit

414 1508 568 1560 certe
628 1497 927 1580 quoniam
988 1496 1233 1559 maiore
1293 1515 1443 1588 cum
1507 1494 1796 1578 emphasi
1850 1496 2134 1582 parentis
2199 1495 2488 1577 sequitur
2505 1537 2523 1569 ‚
2607 1510 2806 1575 eoque

412 1606 809 1686 postremum
858 1599 1072 1666 locum
1122 1601 1246 1665 sibi
1293 1599 1596 1666 vindicat.

510 1705 573 1771 3.
638 1712 753 1783 „ut
811 1706 890 1771 ad
938 1726 1013 1771 ea
1032 1753 1047 1780 ,
1098 1725 1259 1790 quae
1307 1711 1702 1770 accusatores
1750 1704 2144 1771 deformandi
2191 1705 2386 1770 huius
2431 1723 2652 1778 causa,
2701 1702 2808 1768 de-

416 1811 760 1878 trahendae
841 1810 1331 1898 spoliandaeque
1418 1810 1758 1898 dignitatis
1837 1812 2049 1904 gratia
2119 1811 2446 1884 dixerunt,
2519 1810 2806 1894 primum

420 1915 901 2002 respondeam.”

513 2023 687 2104 Quae
750 2023 1035 2110 primum
1094 2022 1427 2111 redarguit
1488 2020 1712 2089 Cicero
1773 2022 2094 2108 pertinent
2151 2022 2232 2089 ad
2276 2043 2518 2100 mores,
2564 2022 2772 2088 vitam
2792 2067 2810 2098 ,

422 2131 669 2197 famam
740 2129 943 2197 Caelii
961 2149 979 2208 ;
1053 2130 1130 2194 de
1197 2131 1335 2214 ipsa
1404 2149 1594 2194 cansa
1651 2136 1796 2215 post
1859 2129 2144 2194 dicturus
2205 2133 2323 2195 est.
2414 2129 2476 2194 N
2479 2147 2560 2194 on
2607 2129 2813 2215 igitur

424 2257 649 2304 verum
716 2257 849 2302 esse
910 2241 1069 2321 puto
1130 2235 1296 2320 quod
1343 2236 1671 2320 proposuit
1719 2231 2027 2301 Cobetus:
2091 2236 2574 2322 „deforma-udae
2620 2235 2816 2299 huius

422 2366 637 2409 caueae
722 2340 1145 2407 detrahendae
1212 2339 1700 2426 spoliandaeque
1767 2341 2110 2427 dignitatis
2169 2343 2380 2428 gratia
2449 2339 2815 2406 dixerunt.”

424 2449 617 2516 Nunc
664 2451 884 2536 agitur
930 2447 1007 2512 de
1052 2467 1347 2532 persona,
1395 2453 1540 2532 post
1586 2446 1662 2512 de
1709 2467 1921 2512 causa.
2017 2443 2236 2513 Cicero
2285 2447 2364 2512 ab
2411 2447 2818 2513 adulescentia

424 2554 705 2623 Atratini
751 2555 1090 2620 introitum
1140 2558 1491 2619 sumserat:
1536 2553 1683 2631 „hic
1719 2555 2018 2619 introitus
2061 2553 2440 2619 defensionis
2478 2554 2820 2619 adulescen-

426 2664 550 2727 tiae
610 2660 702 2726 M.
762 2658 965 2725 Caelii
1028 2662 1311 2725 maxime
1372 2658 1750 2726 convenire”
1800 2662 1860 2725 ei
1906 2660 2193 2738 videtur,
2248 2665 2364 2737 „ut
2410 2660 2490 2725 ad
2536 2679 2611 2724 ea
2657 2680 2818 2745 quae

426 2772 819 2833 accusatores
857 2765 1253 2831 deformandi
1290 2766 1536 2831 huius”.
1567 2812 1582 2831 .
1613 2813 1630 2832 .
1670 2764 1840 2847 Quid
1882 2765 2057 2833 aliud
2097 2766 2203 2831 hic
2243 2768 2590 2853 requiritur
2629 2784 2818 2851 quam

430 2876 569 2939 eius
604 2873 1039 2938 adulescentiae
1071 2871 1499 2960 significatio?
1545 2872 1638 2937 Ea
1680 2874 1750 2937 in
1796 2870 2008 2938 verbis
2045 2874 2257 2947 inerit,
2301 2874 2356 2937 si
2399 2872 2670 2937 scribas:
2714 2871 2819 2937 de·

428 2979 791 3046 formandae
827 2980 957 3043 eius
992 2978 1248 3044 causa.”
1343 2978 1551 3058 Quare
1588 3002 1774 3045 cauea
1813 2980 2104 3045 additum
2143 2982 2268 3054 sit,
2318 2978 2475 3044 licet
2519 2982 2821 3063 sequatur

426 3090 671 3173 qratia,
734 3088 1025 3171 apparet3
1074 3104 1147 3150 eo
1194 3087 1367 3150 enim
1415 3084 1730 3151 vocabulo
1777 3088 2012 3151 omisso
2057 3085 2506 3171 deformandae
2551 3086 2824 3173 iungen-

432 3192 589 3258 dum
636 3198 801 3259 esset
846 3212 1000 3258 cum
1046 3192 1393 3279 diqnitatie.

524 3298 586 3365 5.
661 3298 945 3377 „nemini
1011 3318 1324 3383 umquam
1384 3302 1705 3386 praesenti
1759 3300 2156 3387 praetoriani
2223 3300 2494 3365 maiores
2553 3299 2820 3365 honores

430 3406 825 3483 habuerunt,
876 3425 1069 3490 quam
1118 3404 1367 3470 absenti
1410 3402 1504 3469 M.
1551 3403 1839 3469 anli0.”

532 3510 585 3576 A
650 3510 921 3576 lectione
968 3510 1047 3575 Ρι
1102 3530 1263 3595 quae
1308 3515 1405 3576 est
1440 3514 1762 3599 praesenti
1798 3534 1959 3598 prae
2005 3559 2017 3575 .
2053 3561 2068 3577 .
2098 3558 2113 3575 .
2163 3513 2274 3576 ani
2315 3511 2633 3597 profectus
2679 3532 2822 3579 con·

438 3619 559 3683 ieci
609 3620 917 3704 praesenti
952 3630 1160 3705 praet.
1200 3642 1272 3705 p.
1324 3620 1683 3682 romani:
1711 3620 2067 3702 „praesent-i
2113 3620 2389 3703 praetori
2435 3618 2656 3703 populi
2702 3618 2826 3686 Ro-

440 3722 683 3803 mani.”
732 3719 827 3787 Cf.
878 3721 1081 3788 Versl.
1136 3743 1215 3788 en
1260 3721 1513 3788 Meded.
1568 3722 1679 3787 der
1719 3722 1884 3789 Kon.
1933 3724 2138 3789 Akad.
2186 3722 2474 3791 Letterk.
2525 3724 2595 3790 20
2641 3727 2825 3792 reeks

440 3828 555 3895 IX.
617 3850 679 3913 p.
746 3826 855 3893 99.
918 3828 1289 3894 Auctoritas
1334 3828 1573 3894 codicis
1618 3826 1714 3893 St.
1763 3828 2081 3904 Victoris,
2126 3849 2252 3915 quo
2297 3850 2451 3897 usus
2499 3836 2594 3898 est
2641 3832 2830 3899 Lam-

442 3936 630 4002 binus
648 3982 665 4013 ,
728 3954 857 4000 non
902 3935 1059 3999 satis
1102 3940 1201 3999 est
1246 3934 1569 4019 explorata
1590 3986 1609 4009 ‚
1660 3942 1726 4001 et
1771 3936 2033 4001 fortasse
2079 3956 2158 4003 ne
2205 3937 2523 4021 explorari
2569 3940 2830 4023 quidem

440 4049 685 4129 potest,
731 4042 1033 4126 quoniam
1082 4060 1197 4125 pro
1242 4060 1419 4106 more
1465 4043 1567 4107 sui
1606 4045 1914 4127 temporis
1954 4041 2306 4107 Lambinus
2347 4047 2486 4109 eius
2523 4043 2829 4111 lectiones

442 4170 555 4234 per
599 4155 885 4214 saturam
932 4146 1130 4212 dedit.
1177 4146 1437 4212 Reiecta
1484 4146 1806 4235 Madvigii
1856 4150 2168 4213 sententia
2214 4148 2356 4234 (Op.
2400 4149 2430 4213 I
2471 4148 2623 4221 41¹7.
2663 4152 2828 4236 sqq.)

442 4254 751 4319 Halmius
796 4274 943 4319 eum
992 4254 1351 4338 suspicatur
1394 4273 1527 4319 esse
1568 4252 1714 4318 Par.
1759 4254 1800 4317 4
1839 4252 2267 4331 Steinmetzii,
2303 4257 2344 4319 i.
2373 4276 2428 4320 e.
2455 4254 2600 4321 Par.
2631 4254 2829 4335 7777,

446 4380 609 4427 anno
678 4357 851 4424 1466
914 4364 1265 4425 exaratum.
1331 4356 1427 4425 Gt.
1492 4360 1629 4425 eius
1691 4359 2034 4425 editionem
2100 4358 2162 4424 II
2208 4381 2270 4445 p.
2323 4358 2486 4437 716,
2535 4359 2829 4439 Remea,

448 4466 733 4549 Quaestt.
804 4464 978 4531 Tull.
1050 4467 1371 4550 specimen
1443 4486 1501 4551 p.
1564 4463 1625 4529 8.
1728 4466 1804 4529 Iu
1867 4486 1990 4551 quo
2051 4487 2218 4532 nunc
2279 4466 2826 4553 acquiescendum.
