3369 5142
493 284 625 353 216
1340 369 1347 379 Ι
1594 291 1815 347 emano

487 474 559 540 H
604 495 668 560 p.
720 470 907 558 745),
972 469 1323 555 quidquam
1382 468 1614 534 habeat
1679 468 2099 536 difficultatis.
2193 470 2334 537 Imc
2395 493 2470 537 ea
2520 469 2834 538 sententia
2855 519 2871 548 ,

488 601 685 668 quam
751 577 899 645 volo
916 626 935 662 ,
1004 577 1432 642 necessarium
1502 581 1636 640 est:
1709 596 1780 641 eo
1842 578 2010 662 ipso,
2078 578 2245 662 quod
2289 577 2486 666 longa
2530 585 2696 657 erat,
2749 599 2874 644 non

492 686 769 752 habebat
812 686 1207 770 pungentem
1256 681 1615 746 dicacitatis
1662 682 2102 748 acerbitatem.
2165 680 2464 748 Ceterum
2511 683 2670 750 falso
2716 683 2874 749 clim

492 791 807 857 creditum
855 796 952 854 est
998 787 1277 853 Balbum
1323 785 1475 869 §27
1526 809 1659 852 esse
1709 787 2032 852 diversum
2081 789 2159 853 ab
2207 789 2282 855 L.
2331 787 2654 855 Herennio
2693 787 2871 874 §25;

490 897 680 964 initio
746 897 783 981 ξ
828 893 915 963 27
982 891 1201 960 Cicero
1266 893 1337 956 L.
1400 891 1726 959 Herennio
1785 893 2119 979 respondet
2180 915 2370 980 quem
2417 895 2874 981 aliquantisper

492 1004 803 1081 dimittit,
845 1007 923 1066 ut
966 1000 1045 1066 P.
1093 998 1394 1066 Clodium
1441 997 1700 1086 ableget
1719 1047 1739 1084 ,
1787 999 1868 1066 ad
1913 998 2105 1065 illum
2143 1001 2465 1066 rediturus
2502 1000 2693 1086 paulo
2731 1007 2875 1087 post

486 1110 591 1175 his
660 1108 907 1176 verbis:
973 1106 1138 1184 „tibi
1202 1110 1421 1170 autem
1438 1154 1454 1181 ,
1523 1105 1726 1170 Balbe
1747 1155 1763 1180 ,
1829 1106 2174 1191 respondeo
2220 1110 2505 1192 primum
2553 1108 2832 1192 precario
2853 1158 2870 1182 ‚

488 1215 735 1280 scilicet
798 1214 855 1277 si
904 1211 999 1278 fas
1066 1213 1162 1276 est
1222 1209 1473 1275 defendi
1534 1230 1572 1274 a
1632 1231 1741 1276 me
1804 1231 1954 1276 eum
1973 1261 1992 1290 ‚
2041 1213 2152 1297 qui
2198 1211 2455 1277 nullum
2504 1213 2870 1280 convivium

490 1318 817 1386 renuerit”
889 1317 1137 1404 (scilicet
1157 1363 1172 1392 ,
1244 1336 1393 1380 cum
1464 1337 1633 1402 seqq.
1699 1318 2125 1404 iungendum,
2193 1317 2370 1384 Bake
2427 1338 2542 1404 pro
2589 1321 2646 1383 si
2688 1319 2870 1405 licet).

493 1425 677 1494 Addo
722 1425 893 1489 hunc
940 1421 1211 1488 eundem
1262 1421 1336 1486 L.
1384 1421 2110 1508 Herennium-Balbum
2157 1425 2236 1490 ab
2275 1424 2550 1490 Asconio
2587 1445 2870 1490 comme-

494 1531 731 1597 morari
776 1531 945 1594 inter
988 1527 1256 1594 Milonis
1301 1533 1695 1594 accusatores
1741 1549 1804 1613 p.
1857 1526 1942 1593 35
1991 1529 2097 1594 Or.
2151 1568 2236 1579 -
2281 1530 2486 1596 Paulo
2531 1535 2675 1616 post
2710 1532 2747 1615 ξ
2785 1531 2872 1596 28

490 1633 941 1724 corrigendum
1003 1641 1133 1699 est:
1199 1635 1311 1719 qui
1370 1638 1574 1698 totam
1640 1633 2138 1700 adulescentiam
2200 1636 2642 1722 voluptatibus
2702 1636 2874 1704 dedi-

492 1743 771 1808 dissent”
824 1759 937 1825 pro
982 1741 1303 1805 dedissent.
1364 1737 1462 1803 Os.
1511 1760 1623 1824 pro
1670 1739 1855 1805 Rosc.
1907 1740 1985 1804 A.
2041 1738 2149 1824 38,
2195 1741 2362 1806 infra
2412 1740 2520 1809 47.

580 1845 694 1914 29.
769 1846 947 1924 „dies
1005 1847 1135 1910 iam
1194 1865 1301 1910 me
1361 1842 1641 1924 deficiat,
1703 1848 1758 1910 si
1805 1865 1966 1931 quae
2013 1846 2139 1912 dici
2187 1848 2253 1910 in
2301 1868 2442 1912 eam
2489 1851 2870 1914 sententiam

491 1958 789 2040 possunt,
840 1971 1024 2018 coner
1068 1950 1471 2036 expromere’'
1514 1951 1661 2016 Iam
1699 1971 1824 2018 non
1865 1951 2054 2017 huius
2093 1951 2220 2018 loci
2259 1959 2390 2028 est,
2431 1953 2601 2039 quod
2639 1952 2875 2019 dicitur

492 2082 639 2128 cum
706 2058 949 2143 aliquid
994 2060 1062 2121 in
1108 2060 1320 2142 aptius
1364 2063 1620 2142 tempus
1666 2056 2037 2123 differimus.
2133 2057 2308 2146 Lego
2352 2061 2540 2124 etiam
2559 2109 2576 2144 ,
2621 2065 2874 2146 postpo-

489 2168 691 2232 situm
752 2167 818 2228 in
878 2165 1340 2229 asseveratione
1400 2165 1511 2250 (···..·..·
1534 2163 1684 2247 vel),
1754 2169 1828 2228 ut
1889 2162 2036 2228 Mil.
2108 2164 2226 2230 58:
2298 2168 2632 2231 tormentis
2678 2167 2872 2232 etiam

494 2271 763 2338 dedendi
802 2271 1079 2334 fuerunt.
1127 2268 1222 2332 Ib.
1277 2266 1401 2332 86:
1452 2272 1549 2334 cui
1599 2269 1818 2334 cedere
1863 2271 2111 2335 inimici
2156 2274 2351 2336 etiam
2405 2269 2630 2336 solent.

584 2374 693 2442 33.
760 2395 927 2454 „non
988 2380 1235 2458 patrem
1295 2380 1483 2438 tuum
1547 2375 1827 2454 videras,
1888 2395 2012 2440 non
2070 2381 2372 2460 patruum
2397 2427 2413 2452 ‚
2463 2396 2587 2442 non
2635 2395 2830 2444 avum
2853 2429 2870 2452 ,

491 2503 833 2570 proavum,
885 2487 1148 2546 atavum
1196 2479 1485 2546 audieras
1532 2478 1824 2545 consules
1871 2479 2066 2546 fuisse
2084 2479 2153 2545 ?”

580 2591 865 2676 Appium
924 2584 1305 2664 Claudium,
1360 2598 1609 2674 patrem
1672 2608 1864 2673 supra
1919 2594 2349 2655 memoratum
2369 2637 2387 2667 ,
2436 2609 2604 2655 cons.
2653 2608 2694 2655 a
2738 2587 2869 2657 675

486 2702 632 2784 post
677 2694 1111 2781 Borghesium
1156 2692 1604 2758 Mommsenus
1642 2690 1853 2757 filium
1897 2694 2052 2759 facit
2089 2696 2230 2762 eius
2269 2693 2463 2780 Appii
2503 2696 2614 2780 qui
2655 2715 2713 2761 a.
2739 2692 2864 2760 611

486 2800 707 2869 consul
766 2799 892 2864 fuit
961 2799 1236 2886 (avum),
1300 2797 1468 2864 unde
1528 2802 1811 2864 nascitur
1854 2801 2024 2865 inter
2067 2802 2268 2884 patris
2315 2798 2559 2886 filiique
2603 2801 2872 2867 honores

488 2904 889 2990 intercapedo
956 2904 1113 2968 satis
1183 2924 1421 2989 magna
1486 2902 1573 2968 64
1639 2925 1946 2971 annorum
1969 2953 1986 2983 ,
2055 2912 2126 2970 ut
2149 2955 2165 2983 ,
2231 2908 2285 2970 si
2337 2904 2509 2971 filius
2552 2926 2715 2972 anno
2759 2927 2872 2972 suo

490 3018 736 3080 creatus
795 3008 913 3084 sit,
958 3013 1149 3073 natus
1198 3009 1285 3073 sit
1331 3010 1566 3096 viginti
1618 3008 1749 3075 fere
1797 3013 1976 3076 annis
2021 3016 2166 3096 post
2205 3010 2604 3077 consulatum
2651 3012 2869 3096 patris.

492 3117 705 3185 Sensit
744 3112 909 3179 hanc
956 3112 1403 3180 difficultatem
1450 3114 1803 3203 Borghesi,
1851 3117 2035 3202 eique
2082 3118 2174 3182 sic
2219 3136 2542 3183 occurrere
2581 3118 2873 3203 studuit,

491 3232 567 3291 ut
636 3225 878 3288 statuat
946 3217 1154 3285 filium
1221 3220 1531 3286 Marianis
1594 3222 1822 3307 opibus
1883 3222 2396 3307 praevalentibus
2457 3244 2570 3309 per
2629 3222 2875 3309 aliquot

490 3350 683 3398 annos
743 3331 810 3392 in
859 3327 1169 3411 petitione
1214 3327 1613 3411 prohibitum
1632 3374 1649 3407 ,
1702 3326 1872 3393 ultra
1915 3328 2280 3415 legitimam
2331 3334 2606 3395 aetatem
2653 3329 2872 3395 Sullae

488 3433 786 3504 beneficio
832 3432 1089 3497 tandem
1138 3433 1542 3498 consulatum
1592 3456 1726 3499 esse
1775 3434 2078 3520 adeptum
2099 3483 2115 3509 ,
2165 3432 2440 3501 Oeuvres
2479 3434 2558 3507 ,ΙΙ
2612 3457 2677 3521 p.
2724 3432 2868 3502 177.

488 3541 747 3609 Scilicet
806 3539 1084 3622 quinque
1144 3540 1359 3617 annis,
1424 3536 1553 3603 667
1614 3560 1762 3624 quo,
1830 3538 2014 3604 Sulla
2075 3540 2371 3616 absente,
2431 3561 2532 3607 res
2589 3541 2876 3608 turbavit

488 3650 694 3715 Oinna
735 3651 802 3711 et
845 3645 1155 3709 insecutis
1178 3692 1195 3722 ,
1245 3651 1501 3710 tantum
1550 3647 1763 3731 potuit
1809 3645 2001 3710 factio
2046 3644 2348 3711 Mariana.
2428 3647 2583 3712 Fuit
2627 3654 2875 3733 praetor

491 3756 740 3841 Appius
786 3772 842 3816 a.
892 3748 1023 3815 665
1070 3768 1185 3835 pro
1232 3748 1429 3815 Arch.
1479 3749 1542 3827 9,
1589 3753 1808 3837 itaque
1857 3751 2256 3817 consulatum
2302 3757 2449 3819 ante
2489 3752 2622 3820 667
2661 3758 2874 3839 petere

489 3882 615 3927 non
671 3860 904 3943 potuit.
998 3855 1205 3921 Natus
1267 3856 1614 3921 secundum
1675 3862 2010 3941 praeturae
2077 3878 2314 3923 annum
2337 3909 2355 3944 ,
2399 3879 2455 3925 a.
2503 3858 2657 3938 625,
2708 3859 2875 3945 quod

491 3969 649 4035 bene
711 3965 1002 4030 convenit
1064 3982 1213 4027 cum
1276 3967 1481 4027 aetate
1524 3961 1874 4029 liberorum
1895 4012 1910 4040 ,
1963 3984 2036 4029 ex
2089 3966 2321 4049 quibus
2371 3966 2614 4031 tribuni
2663 3964 2874 4033 Clodii

493 4071 753 4141 minimi
819 4090 896 4135 ex
958 4066 1110 4132 filiis
1171 4066 1415 4132 natales
1461 4068 1771 4134 referendi
1819 4069 1900 4135 ad
1945 4091 1998 4135 a.
2053 4068 2174 4135 661
2237 4075 2377 4156 (pro
2423 4071 2571 4137 Mil.
2625 4071 2689 4157 9,
2737 4070 2873 4157 24).

494 4179 717 4247 Frater
776 4172 969 4260 Appii
1034 4172 1270 4259 (consul
1338 4171 1497 4261 675)
1538 4186 1816 4263 patruus
1862 4175 2121 4242 Clodiae
2169 4174 2243 4242 C.
2293 4174 2602 4242 Claudius
2649 4178 2874 4244 aedilis

493 4283 737 4353 curulis
782 4282 910 4346 fuit
956 4300 1012 4345 a.
1064 4277 1213 4357 655,
1266 4279 1485 4346 consul
1534 4278 1666 4345 662
1719 4281 2050 4366 (Momms.
2099 4281 2227 4347 01.
2275 4282 2462 4370 Elog.
2505 4282 2572 4348 X
2611 4305 2676 4370 p.
2713 4281 2876 4365 280)

490 4412 605 4475 sex
665 4389 847 4455 annis
899 4388 1105 4451 maior
1151 4386 1361 4451 fratre.
1410 4387 1603 4453 Pater
1646 4390 1895 4474 Appius
1941 4408 2110 4454 cons.
2157 4386 2285 4453 611
2337 4408 2498 4455 anno
2547 4388 2702 4476 625,
2751 4411 2875 4476 quo
