3369 5142
1371 252 1802 310 wnuernmm.
2683 237 2810 314 167

411 430 945 502 Lacedaemonios
987 432 1380 500 liberassent.
1474 432 1662 514 Quod
1709 435 1802 500 sic
1849 433 2058 501 dicere
2102 437 2314 520 potuit
2357 433 2803 522 Thucydides:

404 539 944 622 ἀναχωρησάντων
1012 540 1078 606 δὲ
1137 537 1309 625 (δέει)
1355 544 1474 604 τῶν
1521 536 1873 613 Ἀθηναίων
1915 541 1984 605 ἐκ
2028 545 2136 605 τοῦ
2176 545 2448 622 ’Ἄργους
2495 544 2614 606 τῶν
2658 551 2800 606 Λα-

404 645 799 724 κεδαιμονίων
828 697 844 725 ,
913 649 963 713 οἱ
1030 648 1300 726 Ἀργεῖοι
1362 645 1742 725 ἐσβαλόντες
1808 647 1937 711 κτὲ.
1989 649 2240 712 omissis
2283 647 2614 715 vocabulis
2657 656 2797 722 ταῖς

402 755 577 820 ναυσὶ
642 754 786 832 καὶ,
854 773 1015 839 quae
1076 751 1213 818 loco
1274 754 1407 818 iam
1473 752 1816 836 depravato
1862 751 2046 818 illata
2092 773 2226 818 esse
2264 753 2468 820 videri
2511 761 2796 839 possunt.

399 861 501 926 An
551 860 713 926 forte
760 865 950 945 putas
997 859 1128 925 leni
1174 861 1533 924 mutatione
1582 857 1846 923 eandem
1895 861 2278 924 sententiam
2323 860 2578 924 restitui
2616 881 2798 946 posse

407 966 808 1053 corrigendo:
884 963 1455 1046 ἀποχωρησάντων
1523 963 1587 1028 δὲ
1646 969 1765 1029 τῶν
1827 965 2176 1040 Ἀθηναίων
2240 965 2308 1029 ἐκ
2369 969 2478 1030 τοῦ
2517 965 2792 1046 ’Ἄργους

399 1081 544 1145 ταῖς
611 1072 786 1138 ναυσὶ
852 1073 1108 1158 (nempe
1168 1077 1245 1137 ut
1282 1070 1436 1138 -vela
1482 1063 1760 1136 facerent
1805 1070 2202 1156 Epidaurum
2249 1075 2316 1136 et
2359 1069 2636 1158 Prasias)
2687 1073 2793 1138 καὶ

398 1185 519 1244 τῶν
580 1179 1085 1257 Λακεδαιμονίων
1146 1177 1257 1262 (se.
1307 1175 1632 1256 domum),
1678 1177 1732 1241 οἱ
1781 1174 2048 1255 Ἀργεῖοι
2096 1173 2245 1240 xri?
2334 1175 2528 1242 Illam
2575 1183 2794 1244 tamen

404 1287 719 1352 rationem
777 1285 1073 1369 quamvis
1119 1284 1335 1348 minus
1380 1281 1591 1347 lenem
1637 1287 1714 1347 ut
1765 1280 2178 1348 efficaciorem
2225 1283 2535 1367 praeier0‚
2588 1302 2792 1368 quum

403 1392 775 1476 praesertim
840 1410 919 1455 ex
967 1387 1363 1474 Thucydidis
1406 1389 1768 1454 narratione
1812 1407 1938 1453 non
1985 1395 2232 1453 constet
2276 1387 2544 1454 classem
2587 1385 2792 1455 Athe-

394 1499 713 1563 niensium
762 1493 963 1583 Argis
1012 1495 1229 1560 fuisse.

485 1600 583 1669 VI
650 1603 713 1679 4,
780 1598 840 1665 6.
906 1600 1055 1666 Vid.
1122 1621 1331 1685 supra.
1397 1599 1514 1666 Vel
1578 1599 1786 1666 deleto
1834 1596 2106 1666 articulo
2157 1606 2304 1666 ante
2353 1599 2570 1678 πόλιν,
2617 1621 2786 1667 nunc

394 1728 509 1794 pro
557 1706 713 1772 αὐτό
758 1707 970 1772 neseio
1018 1725 1099 1770 an
1144 1705 1593 1792 corrigendum
1640 1707 1729 1770 sit
1774 1706 1990 1780 αὐτήν.

486 1813 581 1878 Vl
628 1812 693 1896 6,
744 1812 783 1876 6
834 1811 1124 1890 λέγοντες
1171 1810 1345 1875 ἄλλα
1395 1835 1466 1876 τε
1506 1812 1718 1876 πολλοὶ
1759 1811 1864 1876 καὶ
1901 1809 2286 1893 ’κεφάλαιοη
2332 1812 2385 1876 εἰ
2425 1811 2784 1891 Συρακόσιοι

398 1921 749 1990 Λεοντίνους
784 1942 855 1983 τε
878 1918 1307 1991 άναςήσαντες
1334 1917 1703 1998 άτιμώρητοι
1730 1919 2092 1994 γενήσονται
2122 1917 2225 1981 καὶ
2250 1917 2391 1988 τοὺς
2416 1919 2662 1990 λοιποὺς
2691 1915 2781 1984 ἔτι

395 2025 777 2106 ξυμμάχους
818 2027 1019 2090 αὐτῶν
1064 2024 1692 2106 διαφθείροντες
1734 2025 1910 2089 αὐτοὶ
1952 2027 2062 2100 την
2102 2021 2360 2089 ἅπασαν
2387 2024 2646 2103 δύναμιν
2669 2033 2782 2100 τῆς

398 2134 694 2205 Σικελίας
734 2134 1061 2214 σχήσουσι,
1089 2132 1217 2196 κτὲ.
1260 2131 1329 2196 Si
1361 2151 1475 2215 pro
1516 2132 1821 2212 σχήσουσι
1861 2130 2185 2218 legeretur
2223 2131 2570 2209 κτήσονται,
2612 2137 2781 2198 recte

393 2240 652 2306 haberet
678 2239 1084 2324 participium
1112 2258 1424 2322 praesens.
1450 2236 1637 2302 Nunc
1666 2237 2108 2323 corrigendum
2135 2237 2199 2302 δι
2221 2244 2328 2317 αφ
2348 2237 2418 2300 Os
2435 2238 2460 2302 ί
2465 2261 2496 2316 ρ
2513 2261 2556 2300 α
2578 2262 2606 2302 ν
2623 2261 2662 2301 τ
2679 2259 2774 2311 ες.

482 2344 579 2409 VI
645 2345 747 2420 15,
814 2345 856 2410 3
916 2343 1294 2426 Φοβηθέντες
1354 2343 1481 2423 γὰρ
1532 2343 1706 2409 αὐτοὶ
1755 2344 1808 2408 οἱ
1856 2345 2074 2408 πολλοὶ
2125 2343 2196 2408 τὸ
2243 2341 2501 2419 μέγεθος
2551 2351 2662 2418 τῆς
2709 2366 2780 2408 τε

399 2449 595 2538 [κατὰ
664 2453 733 2518 τὸ
805 2453 1027 2518 ἑαυτοῦ
1099 2453 1311 2532 σῶμα]
1376 2450 1770 2529 παρανομίας
1837 2449 1898 2519 ἐς
1959 2451 2070 2524 τὴν
2133 2449 2404 2514 δίαιταν.
2467 2447 2778 2534 Suspecta

388 2559 555 2625 mihi
622 2563 775 2625 sunt
841 2559 1037 2625 verba
1100 2554 1349 2622 inclusa
1366 2604 1385 2635 ,
1464 2577 1625 2641 quae
1705 2559 1877 2621 recte
1945 2555 2178 2621 absunt
2247 2555 2327 2621 ab
2394 2555 2589 2621 huius
2653 2552 2780 2621 loci

388 2666 752 2731 imitatione
800 2666 967 2751 apud
1009 2664 1393 2749 Procopium
1442 2661 1517 2728 B.
1569 2660 1646 2728 G.
1701 2659 1818 2727 IV.
1875 2660 1980 2728 10.

480 2768 631 2835 ἮΙΙ
674 2769 741 2848 8,
794 2769 835 2835 3
896 2768 1056 2843 ὅπως
1120 2771 1222 2847 μη
1286 2772 1338 2833 οἱ
1406 2765 1732 2843 Ἀθηναῖοι
1803 2767 1948 2849 πρὸς
1995 2770 2114 2841 τοὶς
2163 2766 2622 2850 άφορμωμένας
2670 2768 2776 2834 τὸν

389 2880 521 2941 νοῦν
582 2880 830 2955 μᾶλλον
882 2874 1105 2957 ἔχωσιν
1152 2878 1186 2951 ἢ
1236 2876 1354 2948 τὰς
1403 2873 1605 2956 fis-em
1652 2875 2230 2957 ἐπιδιαφερομένας.
2321 2874 2450 2940 Res
2497 2880 2562 2939 et
2607 2876 2777 2940 mihi

389 2983 684 3057 obscura,
732 2983 843 3049 sed
888 2984 1159 3069 cogitari
1203 2984 1425 3067 nequit
1472 2982 1549 3047 de
1588 2982 1856 3047 delenda
1891 2984 2233 3069 negatione
2273 3002 2422 3046 cum
2449 2979 2774 3047 Classenio

388 3089 469 3155 ob
516 3088 731 3155 locum
776 3089 1115 3177 geminum
1164 3087 1283 3151 VII
1330 3085 1411 3153 19
1452 3092 1610 3153 extr.
1652 3086 1880 3153 Potius
1919 3090 2198 3172 suspicer
2237 3087 2774 3173 transponendum

386 3215 555 3262 esse:
606 3193 655 3259 ὅ.
684 3220 755 3273 μ.
781 3218 826 3260 ο.
880 3197 979 3261 Ἀ.
1028 3194 1173 3274 πρὸς
1221 3195 1339 3268 τὰς
1383 3190 1585 3272 ὕστερον
1628 3194 2184 3274 ἐπιδιαφερομένας
2225 3194 2330 3259 τὸν
2371 3196 2502 3258 νοῦν
2526 3196 2774 3270 μᾶλλον

386 3298 647 3385 ἔχωσιν,
710 3301 935 3366 deletis
998 3303 1222 3367 ceteris
1246 3350 1261 3378 ‚
1328 3304 1403 3365 ut
1449 3297 1649 3365 Cobet
1699 3298 1835 3364 illic
1883 3298 2123 3365 delevit
2168 3300 2201 3374 ἣ
2253 3298 2396 3376 πρὸς
2445 3299 2566 3371 τὰς
2612 3298 2775 3379 τριή-

387 3430 527 3487 ρεις.
622 3406 757 3473 Vox
804 3412 1050 3484 μᾶλλον
1098 3426 1315 3492 parere
1362 3404 1524 3471 solet
1567 3406 2149 3490 interpretamenta.

478 3512 640 3579 VIII
687 3513 791 3579 47.
856 3513 1063 3589 ἐπειδὴ
1123 3515 1249 3593 γὰρ
1308 3513 1550 3597 ᾔσθοντο
1596 3513 1798 3577 αὐτῶν
1847 3512 2152 3591 ἰσχύοντα
2201 3512 2346 3590 παρ’
2393 3510 2559 3591 αὐτῷ
2610 3508 2776 3595 (Tis-

392 3618 751 3705 saphernes)
792 3621 841 3683 οἱ
880 3620 941 3683 ἐν
988 3629 1063 3701 τῇ
1114 3618 1315 3699 Σάμῳ
1360 3616 1710 3692 Ἀθηναίων
1757 3624 2126 3697 ςρατιῶται,
2176 3618 2262 3681 τὰ
2309 3616 2424 3693 μὲν
2465 3616 2571 3683 καὶ
2621 3618 2772 3681 ’Λλ-

391 3720 675 3801 κιβιάδου
746 3724 1225 3805 προπέμψαντος
1298 3727 1419 3809 (ita
1486 3728 1655 3789 recte
1725 3722 1904 3801 Vnt.)
1973 3725 2030 3797 ἐς
2104 3724 2242 3797 τοὺς
2307 3721 2774 3795 δυνατωτάτους

393 3831 595 3895 αὐτῶν
658 3828 883 3908 ἄνδρας
946 3828 1060 3899 ὥςε
1122 3830 1459 3907 μνησθῆναι
1520 3829 1652 3908 περὶ
1717 3830 1909 3895 αὐτοῦ
1967 3830 1996 3893 ἕ
2011 3855 2040 3901 ς
2089 3828 2229 3902 τοὺς
2275 3828 2606 3907 βελτίςους
2652 3834 2770 3893 τῶν

387 3934 708 4015 ἀνθρώπων
764 3930 855 3999 ὅτι
916 3935 1016 3999 ἐπ’
1063 3936 1409 4018 ὀλιγαρχίᾳ
1456 3934 1760 4013 βούλεται
1807 3933 1911 4000 καὶ
1963 3936 2028 3999 οὗ
2077 3936 2327 4018 πονηρίᾳ
2376 3934 2540 4019 [οὐδὲ
2588 3936 2774 4013 δημο-

387 4042 614 4124 κρατίᾳ.
688 4040 898 4109 delevi
945 4043 1115 4107 stud.
1164 4063 1227 4128 p.
1284 4040 1441 4127 106]
1468 4051 1569 4124 ,τῇ
1617 4040 1836 4105 ἑαυτὸν
1882 4040 2239 4121 ἕκβαλούση
2288 4042 2600 4105 κατελθὼν
2660 4040 2766 4105 καὶ

386 4150 733 4228 παρασχὼν
798 4146 1201 4231 Τισσαφέρνη
1268 4148 1454 4230 Φίλον
1510 4150 1722 4220 αὐτοῖς
1786 4144 2297 4223 ξυμπολιτεύειν,
2355 4148 2425 4210 τὸ
2475 4146 2537 4210 δὲ
2585 4143 2771 4211 πλέον

386 4256 489 4318 καὶ
542 4254 669 4320 άπὸ
719 4260 891 4338 σφῶν
940 4258 1147 4321 αὐτῶν
1196 4256 1247 4320 οἱ
1296 4256 1356 4319 ἐν
1402 4265 1477 4336 τῇ
1528 4253 1728 4333 Σάμῳ
1775 4254 2129 4333 τριήραρχοί
2164 4276 2234 4317 τε
2268 4260 2382 4317 τῶν
2422 4249 2770 4325 Ἀθηναίων

381 4360 489 4425 καὶ
540 4359 1106 4427 δυνατώτατοι
1156 4358 1422 4444 ὥρμηντο
1472 4361 1531 4433 ἐς
1582 4358 1651 4424 τὸ
1701 4365 2060 4423 καταλῦσαι
2109 4362 2216 4435 τὴν
2265 4356 2704 4440 δημοκρατίαν.
