3369 5142
533 283 665 360 220
1612 309 1834 360 cicnao

530 483 883 567 scripsisset
944 478 1079 548 h.1.
1142 481 1379 567 diem)
1424 482 1491 546 in
1538 480 1868 547 corollario
1915 479 1998 546 ad
2042 477 2287 546 Comic.
2335 481 2638 570 fragmm.
2686 483 2897 546 muta-

536 589 631 652 vit
690 585 1081 655 Ribbeckius
1101 636 1117 660 ,
1183 607 1244 672 p.
1295 585 1481 662 XIII,
1534 591 1752 654 tamen
1794 589 1872 650 ut
1917 585 2082 652 mihi
2125 587 2322 652 nimis
2367 585 2646 652 clemens
2689 588 2758 651 in
2801 584 2896 651 al·
2955 589 2971 600 ⁸

528 698 742 757 terum
810 692 1081 758 verbum
1151 711 1287 758 esse
1356 691 1668 758 videatur.
1761 690 1846 756 Et
1906 690 2190 756 Lucretii
2251 691 2512 780 quidem
2573 691 2750 758 locus
2815 692 2906 758 sic

532 797 879 884 legendus:

620 901 705 968 Et
750 904 1044 989 quoniam
1096 909 1230 969 toto
1276 905 1588 972 sentimus
1636 923 1891 990 corpore
1937 905 2142 970 inesse

620 1007 902 1076 Vitalem
950 1030 1207 1076 sensum
1255 1013 1319 1074 et
1363 1015 1573 1074 totum
1622 1008 1730 1096 (sc.
1781 1016 2032 1096 corpus)
2079 1030 2212 1076 esse
2251 1010 2528 1076 animale
2569 1009 2862 1074 videmus
2881 1053 2898 1086 ‚

623 1112 695 1179 Si
740 1115 953 1181 subito
1004 1115 1287 1180 medium
1332 1113 1523 1180 celeri
1558 1115 1907 1202 perciderit
1951 1116 2086 1180 ictu
2136 1113 2390 1201 (nempe
2435 1116 2683 1203 corpus)

626 1219 738 1285 Vis
784 1219 1033 1306 aliqua,
1080 1224 1156 1284 ut
1200 1240 1449 1285 sorsum
1494 1227 1744 1305 part-em
1785 1227 2068 1286 secernat
2112 1231 2488 1306 utramque,

624 1323 977 1410 Dispertita
1022 1324 1242 1410 procul
1290 1324 1486 1391 dubio
1532 1345 1781 1411 quoque
1828 1325 1927 1392 vis
1975 1326 2217 1392 animai

628 1427 711 1494 Et
758 1429 988 1499 discisa
1033 1428 1232 1496 simul
1278 1450 1427 1498 cum
1477 1450 1732 1517 corpore
1777 1431 2109 1518 disicietur.

540 1533 823 1612 Dico-ica,
886 1555 1063 1604 caesa
1123 1535 1414 1603 bifariam
1478 1533 1584 1622 (cf.
1648 1548 1977 1624 utramque
2035 1558 2098 1602 v.
2151 1534 2344 1625 637),
2406 1540 2618 1610 anima
2661 1557 2910 1628 quoque

539 1639 684 1704 dein
748 1661 896 1706 cnm
943 1660 1198 1728 corpore
1242 1643 1590 1719 disicietwm·
1640 1643 1821 1726 atqui
1881 1640 1970 1726 (in
2017 1642 2179 1708 hanc
2225 1644 2608 1709 sententiam
2669 1644 2911 1732 pergit)

539 1745 983 1832 quodcumque
1048 1748 1333 1813 dicicitur
1399 1753 1730 1813 aeternum
1799 1767 1934 1814 esse
1962 1733 1968 1738 ’
2001 1750 2223 1833 nequit
2306 1749 2411 1814 his
2495 1750 2732 1814 verbis:
2807 1752 2916 1828 „at

538 1852 704 1941 quod
766 1855 1070 1928 scinditur
1118 1889 1201 1900 -
1253 1859 1574 1918 aeternam
1632 1854 1755 1936 sibi
1819 1858 2117 1919 naturam
2163 1855 2389 1920 abnuit
2436 1853 2623 1920 esse”.
2698 1853 2918 1940 Itaque

536 1961 785 2026 disicere
846 1958 908 2024 h.
937 1959 981 2024 1.
1047 1963 1142 2024 est
1202 1959 1518 2044 scindere,
1582 1958 1827 2042 σχίζειν
1891 1981 2220 2048 spargere,
2285 1982 2399 2028 nec
2446 1962 2522 2027 de
2569 1961 2918 2046 composito

539 2049 717 2133 verbi
775 2088 901 2131 seco
950 2071 1063 2129 aut
1107 2069 1364 2150 propter
1414 2065 1795 2132 sententiam
1845 2071 1957 2131 aut
2003 2071 2259 2151 propter
2303 2065 2575 2132 formam
2623 2065 2918 2134 vocabuli

542 2173 811 2260 cogitari
860 2171 1065 2236 debet.
1124 2168 1295 2234 Illud
1340 2171 1618 2237 dissicere
1664 2191 1704 2236 a
1749 2193 1876 2238 ceco
1923 2176 1988 2236 et
2032 2174 2280 2238 disicere
2327 2193 2364 2238 a
2409 2174 2564 2239 iacio
2612 2179 2914 2260 perpetuo

540 2277 797 2362 confusa
858 2280 1047 2352 sunt,
1113 2282 1187 2339 ut
1234 2273 1427 2363 Verg.
1480 2274 1642 2341 Aen.
1695 2275 1836 2341 XII.
1894 2274 2045 2354 308,
2097 2275 2145 2342 Ι.
2197 2274 2285 2342 70
2333 2278 2563 2362 optimi
2609 2277 2764 2344 libri
2808 2278 2916 2343 ha-

540 2382 692 2448 bent
737 2382 963 2447 disiicit
981 2426 996 2456 ‚
1037 2381 1269 2458 disicit,
1319 2382 1531 2446 dissice
1551 2426 1567 2459 ‚
1616 2402 1765 2446 cum
1813 2402 1964 2447 vera
2000 2381 2188 2449 lectio
2225 2384 2346 2448 sit:
2385 2385 2594 2448 securi
2623 2421 2703 2432 —
2729 2385 2914 2450 diesi-

540 2491 621 2553 cit
681 2492 745 2552 et
808 2487 1033 2564 „di-sice
1092 2504 1351 2570 corpora
1410 2484 1659 2570 ponto.''
1705 2485 1896 2552 Verbi
1941 2509 2140 2554 secare
2182 2487 2502 2574 antiquior
2548 2488 2753 2554 forma
2791 2490 2917 2554 fnit

540 2598 737 2660 secere
753 2642 772 2678 ,
835 2598 909 2657 ut
970 2592 1229 2657 fuerunt
1290 2592 1487 2657 lavere
1504 2639 1520 2671 ‚
1568 2614 1776 2659 sonere
1793 2640 1809 2672 ‚
1856 2606 2060 2659 tenere
2077 2638 2094 2672 ‚
2143 2595 2404 2679 eiusque
2450 2594 2633 2661 verbi
2678 2593 2916 2661 vocalis

542 2702 607 2763 in
654 2700 682 2765 i
726 2699 1014 2781 transiit,
1060 2703 1136 2762 ut
1182 2702 1279 2763 est
1322 2698 1389 2761 in
1434 2698 1651 2762 imicia
1701 2697 1820 2775 „ab
1871 2716 1944 2763 eo
1992 2698 2157 2783 quod
2205 2701 2448 2764 insecta
2494 2699 2670 2765 caro”
2715 2698 2918 2767 Varro

542 2804 617 2869 V.
673 2802 802 2869 110
820 2853 839 2889 ,
892 2805 1127 2869 exicare
1176 2800 1506 2891 (ec-eicare)
1556 2801 1772 2869 Plaut.
1819 2801 1985 2868 Rud.
2039 2802 2191 2888 122,
2227 2805 2523 2893 prosicias
2572 2804 2768 2873 Varro
2818 2826 2914 2893 ap.

542 2912 704 2977 Non.
768 2908 921 2987 220,
985 2907 1097 2986 21,
1156 2910 1545 2997 praeamara,
1592 2910 1919 2997 praecica,
1979 2907 2074 2974 Id.
2124 2908 2252 2975 LL.
2302 2908 2386 2976 V.
2440 2910 2590 2997 104,
2635 2917 2767 2978 sica
2817 2911 2920 2997 (ex

543 3017 773 3094 cienda,
815 3016 999 3091 sida,
1032 3035 1155 3080 non
1197 3013 1431 3078 demin.
1476 3013 1587 3079 sed
1610 3014 2053 3081 conferendum
2073 3037 2224 3082 cum
2250 3018 2543 3105 specula).
2591 3018 2921 3083 Invenitur

540 3124 819 3189 dissicere
877 3120 1091 3205 Plaut.
1154 3116 1340 3201 Cure.
1404 3116 1557 3184 424.
1626 3116 1859 3187 Goetz:
1929 3120 2300 3206 „clupeatus
2350 3121 2763 3207 elephantum
2807 3126 2920 3189 ubi

540 3224 875 3293 machaera
919 3224 1217 3301 discicit’ss
1268 3230 1341 3289 ut
1388 3222 1625 3290 habent
1669 3224 1819 3291 BE.
1873 3228 2194 3312 (deasicit);
2241 3226 2349 3292 sed
2391 3226 2638 3293 Nonius
2681 3227 2835 3314 290,
2875 3228 2917 3295 8

541 3339 603 3401 et
665 3332 716 3397 F
764 3338 828 3398 et
865 3353 997 3398 var.
1039 3330 1180 3397 lect.
1221 3332 1289 3394 in
1326 3330 1415 3395 E:
1456 3332 1696 3417 diliyit,
1739 3352 1864 3416 qua
1905 3334 2208 3397 varietate
2247 3332 2640 3399 Ribbeckius
2676 3337 2916 3419 optime

540 3459 695 3505 usus
756 3443 850 3503 est
912 3436 990 3501 ad
1037 3435 1239 3501 Titini
1288 3436 1725 3523 fragmentum
1771 3435 1910 3521 (84)
1962 3437 2198 3501 ibidem
2247 3438 2414 3523 apud
2461 3439 2744 3505 Nonium
2785 3461 2914 3505 scr·

537 3551 767 3627 vatum
813 3542 1312 3610 emendandum:
1368 3561 1667 3627 „pernam
1711 3546 1912 3607 totam
1954 3541 2254 3607 dissicit.''
2293 3543 2415 3609 Sed
2455 3544 2719 3631 reliquis
2756 3545 2914 3611 locis

537 3653 786 3715 disicere
852 3669 1076 3715 verum
1140 3650 1261 3713 est.
1338 3645 1397 3711 N
1402 3667 1471 3712 ec
1533 3650 1663 3713 scio
1725 3668 1838 3712 cur
1896 3668 2256 3731 perversam
2315 3648 2588 3716 formam
2634 3654 2910 3719 dissicias

539 3755 704 3843 apud
769 3752 914 3819 Liv.
979 3751 1186 3818 XXII.
1254 3750 1355 3815 50.
1428 3752 1466 3815 9
1533 3751 1828 3819 defendat
1886 3752 2210 3831 Ribbeck,
2283 3776 2434 3820 cum
2482 3758 2730 3823 disicias
2775 3777 2918 3823 sen-

536 3861 773 3929 tentiae
818 3878 1013 3943 aeque
1060 3857 1441 3936 satisfaciat,
1494 3863 1606 3923 aut
1651 3860 1930 3925 dissicere
1973 3881 2098 3923 rem
2141 3859 2309 3945 apud
2350 3861 2622 3927 eundem
2647 3862 2711 3927 II
2737 3861 2844 3927 35.
2874 3862 2914 3927 4

535 3988 648 4054 pro
710 3966 958 4030 tuo-bare
1018 3961 1261 4029 dictum
1278 3982 1295 4039 ς
1366 3970 1430 4027 et
1490 3983 1858 4048 perversum
1909 3964 2075 4029 mihi
2121 3966 2380 4050 quidem
2427 3967 2683 4033 videtur
2729 3971 2913 4034 dicei-

531 4096 657 4141 σενα
725 4092 891 4135 arces
969 4066 1366 4153 Carthayinic
1388 4115 1402 4144 ,
1476 4071 1754 4153 aqmim,
1826 4070 2118 4157 capillo&
2183 4092 2298 4137 nec
2357 4072 2502 4140 volo
2565 4094 2757 4159 equos
2806 4077 2920 4160 qui

533 4179 843 4245 dissicunt
888 4174 1109 4240 obvios
1154 4171 1298 4238 Tac.
1352 4170 1402 4236 1.
1453 4171 1559 4237 65.
1615 4174 1820 4253 Quare
1871 4173 2027 4239 talia
2074 4177 2482 4260 probaremus
2530 4180 2587 4243 si
2636 4201 2763 4247 una
2808 4180 2914 4246 lit-

531 4294 664 4352 tera
723 4308 754 4349 ε
821 4282 1038 4347 demta
1096 4280 1312 4344 omnia
1372 4277 1607 4345 melius
1668 4277 2048 4364 procedant?
2115 4282 2250 4347 Nec
2314 4284 2712 4367 probaverim
2759 4286 2906 4353 Val.

524 4390 695 4457 Max.
760 4384 875 4453 111.
930 4386 992 4449 5.
1040 4386 1083 4449 2
1134 4386 1511 4469 „pecuniam
1562 4384 1810 4451 dissici”
1856 4405 1972 4451 nec
2017 4386 2313 4473 ineptum
2363 4387 2529 4455 illud
2575 4388 2744 4456 VIII.
2803 4390 2913 4457 14.
