3369 5142
617 387 747 455 142
1595 404 2019 454 mammons,

707 580 1002 669 Thucyd.
1052 580 1178 646 III.
1229 576 1336 643 66.
1389 576 1448 642 3.
1500 578 1610 651 τήν
1655 599 1727 641 τε
1775 577 2065 642 λυθεῖσαν
2102 577 2444 656 ὁμολογίαν
2482 575 2587 642 καὶ
2629 585 2747 643 τῶν
2777 578 2999 656 άνδρῶν

613 688 717 752 τὸν
764 684 967 767 ὕςερον
1011 686 1272 751 θάνατον
1322 684 1428 748 καὶ
1476 684 1587 756 τὴν
1633 683 1764 762 περ)
1825 684 2027 747 αὐτῶν
2077 684 2248 768 [ἡμῖν
2287 684 2375 761 μὴ
2413 685 2677 768 κτενεῖν]
2719 684 3000 763 ψευσόεῖ·

617 816 734 857 σαν
779 791 1138 872 ὑπόσχεσιν.
1235 790 1567 857 Praecedit
1617 790 2029 869 ὑποσχόμενοι
2080 827 2164 839 -
2212 792 2300 867 μὴ
2349 797 2578 855 κτενεῖν
2617 788 2795 874 (libri
2826 794 3001 855 utro-

616 899 808 985 bique
857 898 934 965 de
979 919 1158 964 more
1207 896 1530 982 κτείνειν),
1577 916 1705 981 quo
1752 895 2153 961 manifestior
2198 902 2295 962 est
2338 894 2762 981 interpolatio.

707 1107 1003 1196 Thucyd.
1063 1106 1177 1172 ΙΙΙ.
1232 1105 1339 1172 68.
1391 1106 1574 1171 ὁπότε
1623 1109 1714 1183 μὴ
1762 1113 1956 1187 φαῖεν
2001 1104 2362 1185 άπάγοντες
2407 1106 2815 1186 άπέκτειναν,
2866 1111 2999 1174 imo

614 1234 766 1281 vero
813 1212 1310 1290 άπΛΓαγόντες.
1409 1210 1674 1299 Semper
1716 1214 1785 1276 in
1830 1212 1932 1277 his
1977 1216 2242 1278 erratur.

707 1424 1008 1510 Thucyd·
1070 1422 1200 1488 111.
1271 1418 1380 1487 68.
1441 1420 1504 1485 2.
1567 1418 1913 1501 διέφθειραν
1970 1420 2035 1485 δὲ
2094 1426 2433 1488 Πλαταιῶν
2480 1424 2597 1501 μὲν
2641 1425 2843 1489 αὐτῶν
2890 1426 2997 1489 οὐκ

616 1529 920 1603 ἐλάσσους
967 1528 1289 1593 διακοσίων
1342 1525 1678 1600 Ἀθηναίων
1726 1525 1789 1591 δὲ
1836 1527 2022 1591 πέντε
2069 1528 2176 1592 καὶ
2224 1526 2443 1595 εἴκοσιν
2494 1522 2573 1614 [οἳ
2618 1529 2999 1608 ξυνεπολιορ-

616 1636 879 1721 κοῦντο].
927 1633 1223 1700 Absurde
1271 1633 1507 1698 dicitur
1551 1654 1672 1697 una
1718 1632 2135 1697 obsidebantur
2180 1633 2257 1699 de
2302 1636 2423 1717 iis,
2458 1638 2572 1727 qui
2610 1635 2999 1701 deditionem

615 1742 912 1809 fecissent
981 1750 1046 1805 et.
1115 1744 1323 1805 essent
1381 1740 1450 1803 in
1509 1738 1795 1803 hostium
1857 1742 2188 1822 potestate.
2285 1739 2513 1825 Itaque
2569 1740 2867 1807 Meineke
2932 1746 3001 1807 et

615 1847 1000 1913 Herwerden
1071 1847 1505 1911 coniecerunt:
1577 1834 1630 1909 οἳ
1696 1842 2350 1922 ξυνεπεπολιόρκηντο,
2418 1852 2525 1931 qui
2589 1868 2712 1910 una
2781 1848 3001 1911 obsessi

605 1954 896 2040 fuissent.
991 1949 1116 2016 Sed
1185 1951 1338 2035 quia
1403 1951 1810 2033 perspicuum
1876 1952 1972 2014 est
2039 1950 2457 2016 Athenienses
2527 1957 2669 2015 tum
2737 1958 2993 2017 necatos

615 2058 812 2124 fuisse
871 2056 1115 2121 milites
1177 2055 1619 2142 praesidiarios
1639 2104 1656 2139 ,
1720 2062 1981 2139 apparet
2034 2046 2089 2120 οἳ
2148 2055 2709 2136 ξυνεπολιορκοῦντο
2756 2058 2999 2124 alienae

617 2184 848 2229 manus
907 2182 1042 2228 esse
1105 2162 1609 2227 additamentum
1657 2166 1873 2225 ortum
1920 2181 1999 2225 ex
2044 2160 2187 2225 libr.
2238 2162 2328 2227 II.
2377 2183 2513 2247 cap.
2564 2162 2673 2230 78.
2721 2164 2895 2229 αὐτοὶ
2946 2166 2999 2229 δ’

618 2270 1068 2347 ἐπολιορκοῦντο
1119 2264 1768 2344 ἐγκαταλελειμμένοι
1818 2264 2233 2343 τετρακόσιοι,
2285 2269 2621 2342 Ἀθηναίων
2670 2268 2731 2333 δὲ
2780 2270 2997 2347 ὀγδοή-

620 2398 823 2441 κοντα.
919 2373 1096 2460 Ergo
1151 2374 1356 2437 maior
1402 2392 1546 2457 pars
1592 2370 2087 2438 Atheniensium
2134 2376 2385 2439 circiter
2430 2376 2891 2463 quinquaginta
2935 2380 2999 2440 et

619 2481 898 2566 quinque
943 2478 1170 2545 audaci
1221 2478 1474 2563 incepto
1523 2482 1893 2562 evaserunt,
1936 2481 2168 2544 caeteri
2202 2484 2345 2564 post
2381 2480 2771 2547 deditionem
2809 2482 3000 2547 occisi

615 2592 786 2655 sunt.

708 2798 1002 2885 Thucyd.
1067 2796 1178 2863 Ill.
1247 2795 1354 2862 68.
1406 2795 1466 2861 3.
1515 2795 1626 2868 ‘rior
1671 2795 1851 2860 πόλιν
1902 2795 2173 2860 ἐνιαυτὸν
2222 2793 2336 2870 μέν
2382 2803 2599 2862 ΤΙΝΛ
2648 2833 2735 2847 -—-
2784 2794 2995 2862 ἔδοσαν

617 2909 892 2974 ἐνοικεῖν·
966 2901 1168 2982 &mov
1240 2903 1302 2968 δὲ
1371 2939 1452 2949 -
1518 2901 1967 2976 άπεμίσθωσαν
2030 2901 2131 2965 ἐπὶ
2196 2901 2347 2967 δέκα
2408 2899 2531 2974 ἔτη.
2628 2903 2829 2968 Miror
2874 2923 2999 2988 quo

614 3017 801 3098 pacto
857 3007 1248 3075 Herwerden
1307 3027 1432 3072 non
1493 3008 1801 3093 receperit
1847 3011 2086 3072 certam
2131 3007 2447 3072 Meinekii
2492 3009 2997 3075 emendationem

576 3117 888 3186 ,ἐνιαυτὸν
940 3113 1054 3193 μὲν
1096 3113 1321 3180 ‘'eNA.

700 3321 992 3412 Thucyd.
1054 3325 1178 3390 III.
1246 3324 1352 3389 69.
1419 3325 1484 3388 ἔκ
1547 3331 1666 3390 τῶν
1729 3324 2067 3398 Ἀθηναίων
2128 3325 2608 3403 ἕπιδιωχθεῖσαι.
2705 3324 2887 3391 Iones
2930 3330 2996 3390 et

613 3450 832 3498 eorum
879 3429 1170 3515 exemplo
1215 3429 1473 3517 Tragici
1519 3431 2011 3516 praepositiones
2057 3431 2123 3494 ἐκ
2162 3437 2225 3494 et
2262 3431 2404 3506 πρός
2445 3431 2687 3496 addunt
2728 3431 2997 3515 passivis

612 3557 726 3621 pro
790 3536 942 3612 ὑπό,
1005 3536 1116 3601 sed
1175 3555 1530 3620 numquam
1590 3535 1787 3601 huius
1832 3537 1925 3599 rei
1970 3539 2040 3599 in
2086 3535 2299 3601 solut-a
2346 3538 2629 3603 oratione
2674 3539 2999 3622 scriptoris

615 3643 818 3708 Attici
879 3639 1246 3723 exemplum
1310 3641 1448 3710 vidi
1493 3647 1560 3706 et
1603 3640 2015 3706 vehementer
2061 3642 2225 3706 mihi
2276 3641 2468 3708 huius
2513 3640 2641 3708 loci
2684 3645 2999 3728 scriptura

618 3752 914 3834 suspecta
963 3753 1079 3812 est.

708 3957 1000 4044 Thucyd.
1063 3955 1174 4021 111.
1245 3955 1350 4024 70.
1403 3953 1464 4022 3.
1513 3955 1776 4038 φάσκων
1822 3954 2065 4034 τέμνειν
2109 3958 2409 4038 χάρακας
2462 3961 2527 4026 ἐκ
2576 3964 2684 4025 τοῦ
2734 3983 2803 4024 τε
2854 3960 2999 4033 Διὸς

617 4068 725 4130 τοῦ
797 4061 1084 4140 τεμένους
1156 4061 1262 4126 καὶ
1333 4067 1438 4128 τοῦ
1511 4064 1820 4129 Ἀλκίνου.
1914 4061 2371 4129 Scribendum:
2434 4065 2505 4131 ἔκ
2566 4091 2638 4131 τε
2697 4069 2806 4130 τοῦ
2856 4064 3003 4138 Διὸς

618 4169 906 4250 τεμένους
955 4169 1057 4234 καὶ
1107 4172 1216 4233 τοῦ
1268 4167 1574 4234 ’Λλκίνου.

713 4383 1006 4471 Thucyd.
1069 4381 1183 4447 ΙΙΙ.
1231 4381 1342 4448 84.
1401 4387 1613 4448 totum
1660 4391 1853 4467 caput
1898 4385 2033 4449 sine
2079 4385 2505 4452 controversia
2548 4386 2839 4470 spurium
2886 4391 3003 4451 est.

621 4490 1004 4559 Scholiasta:
1070 4490 1154 4556 τοὶ
1220 4487 1618 4568 ὥβελισμένα
1663 4489 1850 4554 οὐδενὶ
1902 4497 2016 4556 τῶν
2065 4489 2377 4566 ἐξηγητῶν
2428 4488 2589 4566 ἔδοξε
2641 4491 3001 4560 Θουκυδίδου
