<?xml version="1.0" encoding="UTF-8"?>
<!DOCTYPE html PUBLIC "-//W3C//DTD XHTML 1.0 Transitional//EN"
    "http://www.w3.org/TR/xhtml1/DTD/xhtml1-transitional.dtd">
<html xmlns="http://www.w3.org/1999/xhtml" xml:lang="en" lang="en">
 <head>
  <title>
</title>
<meta http-equiv="Content-Type" content="text/html;charset=utf-8" />
  <meta name='ocr-system' content='tesseract 3.04.00' />
  <meta name='ocr-capabilities' content='ocr_page ocr_carea ocr_par ocr_line ocrx_word'/>
</head>
<body>
  <div class='ocr_page' id='page_1' title='image "./mnemosynevolume01verdgoog_0378.png"; bbox 0 0 3369 5142; ppageno 0'>
   <div class='ocr_carea' id='block_1_1' title="bbox 644 272 2018 372">
    <p class='ocr_par' dir='ltr' id='par_1_1' title="bbox 644 272 2018 372">
     <span class='ocr_line' id='line_1_1' title="bbox 644 272 2018 372; baseline 0.001 -2"><span class='ocrx_word' id='word_1_1' title='bbox 644 303 775 370; x_wconf 84' lang='lat'><strong>346</strong></span> <span class='ocrx_word' id='word_1_2' title='bbox 1438 272 1443 276; x_wconf 23' lang='lat'><strong>⁵</strong></span> <span class='ocrx_word' id='word_1_3' title='bbox 1668 321 2018 372; x_wconf 68' lang='lat' dir='ltr'><strong>enauimus</strong></span> 
     </span>
    </p>
   </div>
   <div class='ocr_carea' id='block_1_2' title="bbox 632 492 3029 3445">
    <p class='ocr_par' dir='ltr' id='par_1_2' title="bbox 638 492 3029 1622">
     <span class='ocr_line' id='line_1_2' title="bbox 644 492 3029 581; baseline 0.001 -23"><span class='ocrx_word' id='word_1_4' title='bbox 644 493 1027 580; x_wconf 82' lang='lat' dir='ltr'><strong>impulimus</strong></span> <span class='ocrx_word' id='word_1_5' title='bbox 1044 539 1063 570; x_wconf 88' lang='lat'>‚</span> <span class='ocrx_word' id='word_1_6' title='bbox 1121 493 1317 558; x_wconf 90' lang='lat' dir='ltr'><strong>donec</strong></span> <span class='ocrx_word' id='word_1_7' title='bbox 1378 492 1635 558; x_wconf 87' lang='lat' dir='ltr'><strong>tandem</strong></span> <span class='ocrx_word' id='word_1_8' title='bbox 1652 541 1670 571; x_wconf 87' lang='lat'>‚</span> <span class='ocrx_word' id='word_1_9' title='bbox 1733 497 1880 579; x_wconf 88' lang='lat' dir='ltr'><strong>quia</strong></span> <span class='ocrx_word' id='word_1_10' title='bbox 1939 496 2094 561; x_wconf 85' lang='lat' dir='ltr'><strong>satis</strong></span> <span class='ocrx_word' id='word_1_11' title='bbox 2155 495 2498 581; x_wconf 86' lang='lat' dir='ltr'><strong>apparebat</strong></span> <span class='ocrx_word' id='word_1_12' title='bbox 2552 515 2696 561; x_wconf 91' lang='lat' dir='ltr'><strong>eam</strong></span> <span class='ocrx_word' id='word_1_13' title='bbox 2741 517 2877 562; x_wconf 89' lang='lat' dir='ltr'><strong>rem</strong></span> <span class='ocrx_word' id='word_1_14' title='bbox 2927 495 3029 561; x_wconf 93' lang='lat' dir='ltr'><strong>illi</strong></span> 
     </span>
     <span class='ocr_line' id='line_1_3' title="bbox 644 599 3024 687; baseline 0 -21"><span class='ocrx_word' id='word_1_15' title='bbox 644 600 927 666; x_wconf 81' lang='lat' dir='ltr'><strong>odiosam</strong></span> <span class='ocrx_word' id='word_1_16' title='bbox 974 619 1109 665; x_wconf 88' lang='lat' dir='ltr'><strong>esse</strong></span> <span class='ocrx_word' id='word_1_17' title='bbox 1126 649 1143 683; x_wconf 90' lang='lat'><strong>,</strong></span> <span class='ocrx_word' id='word_1_18' title='bbox 1192 599 1353 665; x_wconf 85' lang='lat' dir='ltr'><strong>victi</strong></span> <span class='ocrx_word' id='word_1_19' title='bbox 1401 599 1768 666; x_wconf 76' lang='lat' dir='ltr'><strong>destitimus</strong></span> <span class='ocrx_word' id='word_1_20' title='bbox 1813 623 1892 666; x_wconf 90' lang='lat' dir='ltr'><strong>ne</strong></span> <span class='ocrx_word' id='word_1_21' title='bbox 1940 602 2045 666; x_wconf 89' lang='lat' dir='ltr'><strong>cui</strong></span> <span class='ocrx_word' id='word_1_22' title='bbox 2093 602 2334 687; x_wconf 89' lang='lat' dir='ltr'><strong>optime</strong></span> <span class='ocrx_word' id='word_1_23' title='bbox 2381 600 2699 667; x_wconf 80' lang='lat' dir='ltr'><strong>vellemus</strong></span> <span class='ocrx_word' id='word_1_24' title='bbox 2745 622 3024 668; x_wconf 81' lang='lat' dir='ltr'><strong>essemus</strong></span> 
     </span>
     <span class='ocr_line' id='line_1_4' title="bbox 641 704 3026 793; baseline -0.001 -19"><span class='ocrx_word' id='word_1_25' title='bbox 641 707 918 775; x_wconf 89' lang='lat' dir='ltr'><strong>molesti.</strong></span> <span class='ocrx_word' id='word_1_26' title='bbox 1012 704 1138 773; x_wconf 81' lang='lat' dir='ltr'><strong>Sed</strong></span> <span class='ocrx_word' id='word_1_27' title='bbox 1208 726 1598 791; x_wconf 90' lang='lat' dir='ltr'><strong>quamquam</strong></span> <span class='ocrx_word' id='word_1_28' title='bbox 1661 707 1828 773; x_wconf 87' lang='lat' dir='ltr'><strong>nihil</strong></span> <span class='ocrx_word' id='word_1_29' title='bbox 1885 709 2199 775; x_wconf 80' lang='lat' dir='ltr'><strong>scribebat</strong></span> <span class='ocrx_word' id='word_1_30' title='bbox 2262 714 2480 774; x_wconf 88' lang='lat' dir='ltr'><strong>tamen</strong></span> <span class='ocrx_word' id='word_1_31' title='bbox 2545 727 2795 793; x_wconf 85' lang='lat' dir='ltr'><strong>semper</strong></span> <span class='ocrx_word' id='word_1_32' title='bbox 2856 713 3026 773; x_wconf 89' lang='lat' dir='ltr'><strong>totus</strong></span> 
     </span>
     <span class='ocr_line' id='line_1_5' title="bbox 646 811 3024 897; baseline -0.001 -17"><span class='ocrx_word' id='word_1_33' title='bbox 646 821 781 880; x_wconf 89' lang='lat' dir='ltr'><strong>erat</strong></span> <span class='ocrx_word' id='word_1_34' title='bbox 842 813 911 878; x_wconf 91' lang='lat' dir='ltr'><strong>in</strong></span> <span class='ocrx_word' id='word_1_35' title='bbox 970 811 1204 878; x_wconf 88' lang='lat' dir='ltr'><strong>litteris</strong></span> <span class='ocrx_word' id='word_1_36' title='bbox 1218 859 1237 890; x_wconf 87' lang='lat'>‚</span> <span class='ocrx_word' id='word_1_37' title='bbox 1285 814 1657 897; x_wconf 87' lang='lat' dir='ltr'><strong>praesertim</strong></span> <span class='ocrx_word' id='word_1_38' title='bbox 1707 813 1988 892; x_wconf 86' lang='lat' dir='ltr'><strong>Latinis,</strong></span> <span class='ocrx_word' id='word_1_39' title='bbox 2039 820 2103 879; x_wconf 89' lang='lat' dir='ltr'><strong>et</strong></span> <span class='ocrx_word' id='word_1_40' title='bbox 2147 813 2440 880; x_wconf 80' lang='lat' dir='ltr'><strong>lubenter</strong></span> <span class='ocrx_word' id='word_1_41' title='bbox 2483 812 2725 879; x_wconf 77' lang='lat' dir='ltr'><strong>solebat</strong></span> <span class='ocrx_word' id='word_1_42' title='bbox 2769 834 3024 879; x_wconf 88' lang='lat' dir='ltr'><strong>mecum</strong></span> 
     </span>
     <span class='ocr_line' id='line_1_6' title="bbox 644 919 3020 1000; baseline -0 -15"><span class='ocrx_word' id='word_1_43' title='bbox 644 925 1138 1000; x_wconf 72' lang='grc' dir='ltr'><strong><em>συμφιλολογεῒν</em></strong></span> <span class='ocrx_word' id='word_1_44' title='bbox 1206 923 1271 983; x_wconf 90' lang='lat' dir='ltr'><strong>et</strong></span> <span class='ocrx_word' id='word_1_45' title='bbox 1332 919 1409 983; x_wconf 92' lang='lat' dir='ltr'><strong>de</strong></span> <span class='ocrx_word' id='word_1_46' title='bbox 1470 919 1922 985; x_wconf 84' lang='lat' dir='ltr'><strong>communibus</strong></span> <span class='ocrx_word' id='word_1_47' title='bbox 1981 920 2212 986; x_wconf 83' lang='lat' dir='ltr'><strong>studiis</strong></span> <span class='ocrx_word' id='word_1_48' title='bbox 2271 920 2546 986; x_wconf 91' lang='lat' dir='ltr'><strong>iucunde</strong></span> <span class='ocrx_word' id='word_1_49' title='bbox 2611 919 3020 986; x_wconf 84' lang='lat' dir='ltr'><strong>confabulari.</strong></span> 
     </span>
     <span class='ocr_line' id='line_1_7' title="bbox 640 1024 3017 1113; baseline -0 -22"><span class='ocrx_word' id='word_1_50' title='bbox 640 1025 781 1113; x_wconf 79' lang='lat' dir='ltr'><strong>Ego</strong></span> <span class='ocrx_word' id='word_1_51' title='bbox 827 1026 882 1091; x_wconf 90' lang='lat' dir='ltr'><strong>si</strong></span> <span class='ocrx_word' id='word_1_52' title='bbox 929 1025 1083 1109; x_wconf 91' lang='lat' dir='ltr'><strong>quid</strong></span> <span class='ocrx_word' id='word_1_53' title='bbox 1128 1024 1278 1091; x_wconf 91' lang='lat' dir='ltr'><strong>boni</strong></span> <span class='ocrx_word' id='word_1_54' title='bbox 1320 1024 1482 1088; x_wconf 86' lang='lat' dir='ltr'><strong>mihi</strong></span> <span class='ocrx_word' id='word_1_55' title='bbox 1526 1025 1789 1090; x_wconf 88' lang='lat' dir='ltr'><strong>videbar</strong></span> <span class='ocrx_word' id='word_1_56' title='bbox 1832 1028 2180 1111; x_wconf 87' lang='lat' dir='ltr'><strong>repperisse</strong></span> <span class='ocrx_word' id='word_1_57' title='bbox 2227 1047 2374 1090; x_wconf 92' lang='lat' dir='ltr'><strong>cum</strong></span> <span class='ocrx_word' id='word_1_58' title='bbox 2422 1025 2537 1091; x_wconf 91' lang='lat' dir='ltr'><strong>illo</strong></span> <span class='ocrx_word' id='word_1_59' title='bbox 2583 1025 2802 1091; x_wconf 89' lang='lat' dir='ltr'><strong>sedulo</strong></span> <span class='ocrx_word' id='word_1_60' title='bbox 2849 1046 3017 1091; x_wconf 90' lang='lat' dir='ltr'><strong>com-</strong></span> 
     </span>
     <span class='ocr_line' id='line_1_8' title="bbox 641 1129 3024 1217; baseline -0 -21"><span class='ocrx_word' id='word_1_61' title='bbox 641 1132 1051 1197; x_wconf 87' lang='lat' dir='ltr'><strong>municabam</strong></span> <span class='ocrx_word' id='word_1_62' title='bbox 1112 1136 1177 1196; x_wconf 87' lang='lat' dir='ltr'><strong>et</strong></span> <span class='ocrx_word' id='word_1_63' title='bbox 1238 1129 1350 1195; x_wconf 84' lang='lat' dir='ltr'><strong>ille</strong></span> <span class='ocrx_word' id='word_1_64' title='bbox 1396 1136 1612 1196; x_wconf 87' lang='lat' dir='ltr'><strong>contra</strong></span> <span class='ocrx_word' id='word_1_65' title='bbox 1658 1131 1823 1196; x_wconf 88' lang='lat' dir='ltr'><strong>mihi</strong></span> <span class='ocrx_word' id='word_1_66' title='bbox 1869 1132 2238 1198; x_wconf 81' lang='lat' dir='ltr'><strong>ostendebat</strong></span> <span class='ocrx_word' id='word_1_67' title='bbox 2283 1134 2338 1196; x_wconf 91' lang='lat' dir='ltr'><strong>si</strong></span> <span class='ocrx_word' id='word_1_68' title='bbox 2383 1131 2539 1217; x_wconf 91' lang='lat' dir='ltr'><strong>quid</strong></span> <span class='ocrx_word' id='word_1_69' title='bbox 2585 1135 2770 1196; x_wconf 85' lang='lat' dir='ltr'><strong>acute</strong></span> <span class='ocrx_word' id='word_1_70' title='bbox 2815 1136 2880 1196; x_wconf 90' lang='lat' dir='ltr'><strong>et</strong></span> <span class='ocrx_word' id='word_1_71' title='bbox 2923 1132 3024 1196; x_wconf 93' lang='lat' dir='ltr'><strong>in-</strong></span> 
     </span>
     <span class='ocr_line' id='line_1_9' title="bbox 639 1237 3022 1328; baseline -0.002 -24"><span class='ocrx_word' id='word_1_72' title='bbox 639 1242 898 1328; x_wconf 88' lang='lat' dir='ltr'><strong>geniose</strong></span> <span class='ocrx_word' id='word_1_73' title='bbox 954 1240 1393 1324; x_wconf 80' lang='lat' dir='ltr'><strong>excogitasset.</strong></span> <span class='ocrx_word' id='word_1_74' title='bbox 1490 1237 1593 1301; x_wconf 86' lang='lat' dir='ltr'><strong>Sic</strong></span> <span class='ocrx_word' id='word_1_75' title='bbox 1640 1237 1850 1303; x_wconf 87' lang='lat' dir='ltr'><strong>multa</strong></span> <span class='ocrx_word' id='word_1_76' title='bbox 1895 1241 2173 1324; x_wconf 89' lang='lat' dir='ltr'><strong>optimae</strong></span> <span class='ocrx_word' id='word_1_77' title='bbox 2217 1237 2424 1325; x_wconf 82' lang='lat' dir='ltr'><strong>frugis</strong></span> <span class='ocrx_word' id='word_1_78' title='bbox 2469 1237 2538 1301; x_wconf 91' lang='lat' dir='ltr'><strong>in</strong></span> <span class='ocrx_word' id='word_1_79' title='bbox 2587 1239 2855 1321; x_wconf 88' lang='lat' dir='ltr'><strong>privatis</strong></span> <span class='ocrx_word' id='word_1_80' title='bbox 2898 1257 3022 1302; x_wconf 87' lang='lat' dir='ltr'><strong>ser·</strong></span> 
     </span>
     <span class='ocr_line' id='line_1_10' title="bbox 639 1341 3019 1430; baseline -0 -21"><span class='ocrx_word' id='word_1_81' title='bbox 639 1344 936 1409; x_wconf 90' lang='lat' dir='ltr'><strong>monibus</strong></span> <span class='ocrx_word' id='word_1_82' title='bbox 974 1363 1053 1408; x_wconf 81' lang='lat' dir='ltr'><strong>ex</strong></span> <span class='ocrx_word' id='word_1_83' title='bbox 1090 1362 1164 1407; x_wconf 92' lang='lat' dir='ltr'><strong>eo</strong></span> <span class='ocrx_word' id='word_1_84' title='bbox 1211 1342 1545 1408; x_wconf 87' lang='lat' dir='ltr'><strong>audiebam</strong></span> <span class='ocrx_word' id='word_1_85' title='bbox 1567 1391 1584 1425; x_wconf 90' lang='lat'><strong>,</strong></span> <span class='ocrx_word' id='word_1_86' title='bbox 1633 1341 1760 1408; x_wconf 87' lang='lat' dir='ltr'><strong>alia</strong></span> <span class='ocrx_word' id='word_1_87' title='bbox 1804 1344 1871 1407; x_wconf 91' lang='lat' dir='ltr'><strong>in</strong></span> <span class='ocrx_word' id='word_1_88' title='bbox 1917 1347 2226 1410; x_wconf 90' lang='lat' dir='ltr'><strong>iuvenum</strong></span> <span class='ocrx_word' id='word_1_89' title='bbox 2274 1342 2748 1430; x_wconf 88' lang='lat' dir='ltr'><strong>philologorum</strong></span> <span class='ocrx_word' id='word_1_90' title='bbox 2797 1343 3019 1426; x_wconf 90' lang='lat' dir='ltr'><strong>proba-</strong></span> 
     </span>
     <span class='ocr_line' id='line_1_11' title="bbox 638 1447 3015 1537; baseline -0.001 -21"><span class='ocrx_word' id='word_1_91' title='bbox 638 1452 809 1517; x_wconf 86' lang='lat' dir='ltr'><strong>tione</strong></span> <span class='ocrx_word' id='word_1_92' title='bbox 840 1450 909 1514; x_wconf 90' lang='lat' dir='ltr'><strong>in</strong></span> <span class='ocrx_word' id='word_1_93' title='bbox 946 1447 1234 1513; x_wconf 90' lang='lat' dir='ltr'><strong>medium</strong></span> <span class='ocrx_word' id='word_1_94' title='bbox 1274 1447 1665 1533; x_wconf 85' lang='lat' dir='ltr'><strong>proferebat,</strong></span> <span class='ocrx_word' id='word_1_95' title='bbox 1704 1447 1832 1514; x_wconf 79' lang='lat' dir='ltr'><strong>alia</strong></span> <span class='ocrx_word' id='word_1_96' title='bbox 1870 1449 2138 1535; x_wconf 87' lang='lat' dir='ltr'><strong>denique</strong></span> <span class='ocrx_word' id='word_1_97' title='bbox 2177 1450 2246 1514; x_wconf 91' lang='lat' dir='ltr'><strong>in</strong></span> <span class='ocrx_word' id='word_1_98' title='bbox 2276 1448 2682 1537; x_wconf 83' lang='lat' dir='ltr'><strong>marginibus</strong></span> <span class='ocrx_word' id='word_1_99' title='bbox 2705 1447 3015 1514; x_wconf 90' lang='lat' dir='ltr'><strong>librorum</strong></span> 
     </span>
     <span class='ocr_line' id='line_1_12' title="bbox 640 1557 1002 1622; baseline -0.011 0"><span class='ocrx_word' id='word_1_100' title='bbox 640 1557 1002 1622; x_wconf 84' lang='lat' dir='ltr'><strong>annotabat.</strong></span> 
     </span>
    </p>

    <p class='ocr_par' dir='ltr' id='par_1_3' title="bbox 632 1655 3024 2921">
     <span class='ocr_line' id='line_1_13' title="bbox 729 1655 3016 1750; baseline -0.003 -22"><span class='ocrx_word' id='word_1_101' title='bbox 729 1662 1050 1729; x_wconf 87' lang='lat' dir='ltr'><strong>Haeccine</strong></span> <span class='ocrx_word' id='word_1_102' title='bbox 1096 1663 1301 1750; x_wconf 87' lang='lat' dir='ltr'><strong>igitur</strong></span> <span class='ocrx_word' id='word_1_103' title='bbox 1344 1660 1558 1726; x_wconf 89' lang='lat' dir='ltr'><strong>omnia</strong></span> <span class='ocrx_word' id='word_1_104' title='bbox 1604 1663 1808 1746; x_wconf 86' lang='lat' dir='ltr'><strong>perire</strong></span> <span class='ocrx_word' id='word_1_105' title='bbox 1854 1661 2136 1728; x_wconf 86' lang='lat' dir='ltr'><strong>sinemus</strong></span> <span class='ocrx_word' id='word_1_106' title='bbox 2182 1663 2333 1748; x_wconf 91' lang='lat' dir='ltr'><strong>quia</strong></span> <span class='ocrx_word' id='word_1_107' title='bbox 2377 1683 2443 1729; x_wconf 92' lang='lat' dir='ltr'><strong>se</strong></span> <span class='ocrx_word' id='word_1_108' title='bbox 2486 1661 2735 1729; x_wconf 89' lang='lat' dir='ltr'><strong>laudari</strong></span> <span class='ocrx_word' id='word_1_109' title='bbox 2772 1655 3016 1726; x_wconf 74' lang='lat' dir='ltr'><strong>vetuit?</strong></span> 
     </span>
     <span class='ocr_line' id='line_1_14' title="bbox 636 1764 3016 1836; baseline -0.003 0"><span class='ocrx_word' id='word_1_110' title='bbox 636 1769 778 1836; x_wconf 90' lang='lat' dir='ltr'><strong>Non</strong></span> <span class='ocrx_word' id='word_1_111' title='bbox 848 1769 1252 1834; x_wconf 81' lang='lat' dir='ltr'><strong>committam</strong></span> <span class='ocrx_word' id='word_1_112' title='bbox 1316 1774 1389 1831; x_wconf 89' lang='lat' dir='ltr'><strong>ut</strong></span> <span class='ocrx_word' id='word_1_113' title='bbox 1448 1768 1516 1832; x_wconf 91' lang='lat' dir='ltr'><strong>id</strong></span> <span class='ocrx_word' id='word_1_114' title='bbox 1576 1768 1807 1832; x_wconf 85' lang='lat' dir='ltr'><strong>faciam</strong></span> <span class='ocrx_word' id='word_1_115' title='bbox 1873 1772 2068 1834; x_wconf 87' lang='lat' dir='ltr'><strong>etiam</strong></span> <span class='ocrx_word' id='word_1_116' title='bbox 2131 1771 2209 1834; x_wconf 89' lang='lat' dir='ltr'><strong>de</strong></span> <span class='ocrx_word' id='word_1_117' title='bbox 2269 1769 2623 1834; x_wconf 85' lang='lat' dir='ltr'><strong>amicorum</strong></span> <span class='ocrx_word' id='word_1_118' title='bbox 2684 1764 3016 1832; x_wconf 86' lang='lat' dir='ltr'><strong>sententia.</strong></span> 
     </span>
     <span class='ocr_line' id='line_1_15' title="bbox 636 1869 3020 1962; baseline -0.004 -21"><span class='ocrx_word' id='word_1_119' title='bbox 636 1876 932 1960; x_wconf 86' lang='lat' dir='ltr'><strong>Namque</strong></span> <span class='ocrx_word' id='word_1_120' title='bbox 994 1896 1119 1940; x_wconf 90' lang='lat' dir='ltr'><strong>non</strong></span> <span class='ocrx_word' id='word_1_121' title='bbox 1178 1873 1463 1939; x_wconf 89' lang='lat' dir='ltr'><strong>laudatio</strong></span> <span class='ocrx_word' id='word_1_122' title='bbox 1508 1873 1663 1939; x_wconf 86' lang='lat' dir='ltr'><strong>haec</strong></span> <span class='ocrx_word' id='word_1_123' title='bbox 1712 1880 1808 1938; x_wconf 88' lang='lat' dir='ltr'><strong>est</strong></span> <span class='ocrx_word' id='word_1_124' title='bbox 1855 1875 1934 1940; x_wconf 90' lang='lat' dir='ltr'><strong>de</strong></span> <span class='ocrx_word' id='word_1_125' title='bbox 1979 1877 2234 1962; x_wconf 87' lang='lat' dir='ltr'><strong>magnis</strong></span> <span class='ocrx_word' id='word_1_126' title='bbox 2279 1877 2522 1940; x_wconf 90' lang='lat' dir='ltr'><strong>maiora</strong></span> <span class='ocrx_word' id='word_1_127' title='bbox 2564 1873 2857 1959; x_wconf 89' lang='lat' dir='ltr'><strong>loquens,</strong></span> <span class='ocrx_word' id='word_1_128' title='bbox 2911 1869 3020 1934; x_wconf 84' lang='lat' dir='ltr'><strong>sed</strong></span> 
     </span>
     <span class='ocr_line' id='line_1_16' title="bbox 637 1977 3022 2067; baseline -0.003 -19"><span class='ocrx_word' id='word_1_129' title='bbox 637 1984 850 2049; x_wconf 86' lang='lat' dir='ltr'><strong>brevis</strong></span> <span class='ocrx_word' id='word_1_130' title='bbox 895 1986 959 2046; x_wconf 92' lang='lat' dir='ltr'><strong>et</strong></span> <span class='ocrx_word' id='word_1_131' title='bbox 1005 1982 1325 2046; x_wconf 91' lang='lat' dir='ltr'><strong>succincta</strong></span> <span class='ocrx_word' id='word_1_132' title='bbox 1370 1979 1678 2065; x_wconf 82' lang='lat' dir='ltr'><strong>expositio</strong></span> <span class='ocrx_word' id='word_1_133' title='bbox 1727 2001 1947 2046; x_wconf 88' lang='lat' dir='ltr'><strong>eorum</strong></span> <span class='ocrx_word' id='word_1_134' title='bbox 1964 2029 1982 2065; x_wconf 86' lang='lat'>,</span> <span class='ocrx_word' id='word_1_135' title='bbox 2031 2001 2192 2065; x_wconf 90' lang='lat' dir='ltr'><strong>quae</strong></span> <span class='ocrx_word' id='word_1_136' title='bbox 2237 1987 2387 2046; x_wconf 88' lang='lat' dir='ltr'><strong>sunt</strong></span> <span class='ocrx_word' id='word_1_137' title='bbox 2432 1982 2559 2047; x_wconf 89' lang='lat' dir='ltr'><strong>viri</strong></span> <span class='ocrx_word' id='word_1_138' title='bbox 2605 1977 2920 2067; x_wconf 78' lang='lat' dir='ltr'><strong>ingeniosi</strong></span> <span class='ocrx_word' id='word_1_139' title='bbox 2958 1980 3022 2041; x_wconf 89' lang='lat' dir='ltr'><strong>et</strong></span> 
     </span>
     <span class='ocr_line' id='line_1_17' title="bbox 636 2085 3021 2175; baseline -0.003 -21"><span class='ocrx_word' id='word_1_140' title='bbox 636 2089 1015 2175; x_wconf 89' lang='lat' dir='ltr'><strong>perspicacis</strong></span> <span class='ocrx_word' id='word_1_141' title='bbox 1061 2085 1528 2165; x_wconf 68' lang='grc' dir='ltr'><strong>κατορθώματα.</strong></span> <span class='ocrx_word' id='word_1_142' title='bbox 1592 2085 1817 2172; x_wconf 86' lang='lat' dir='ltr'><strong>Neque</strong></span> <span class='ocrx_word' id='word_1_143' title='bbox 1863 2087 1931 2151; x_wconf 92' lang='lat' dir='ltr'><strong>id</strong></span> <span class='ocrx_word' id='word_1_144' title='bbox 1975 2108 2144 2151; x_wconf 90' lang='lat' dir='ltr'><strong>nunc</strong></span> <span class='ocrx_word' id='word_1_145' title='bbox 2180 2087 2466 2172; x_wconf 88' lang='lat' dir='ltr'><strong>primum</strong></span> <span class='ocrx_word' id='word_1_146' title='bbox 2507 2085 2703 2163; x_wconf 82' lang='lat' dir='ltr'><strong>facio,</strong></span> <span class='ocrx_word' id='word_1_147' title='bbox 2745 2089 2822 2148; x_wconf 90' lang='lat' dir='ltr'><strong>ut</strong></span> <span class='ocrx_word' id='word_1_148' title='bbox 2862 2101 3021 2167; x_wconf 89' lang='lat' dir='ltr'><strong>quae</strong></span> 
     </span>
     <span class='ocr_line' id='line_1_18' title="bbox 634 2191 3024 2279; baseline -0.003 -19"><span class='ocrx_word' id='word_1_149' title='bbox 634 2195 748 2262; x_wconf 90' lang='lat' dir='ltr'><strong>ille</strong></span> <span class='ocrx_word' id='word_1_150' title='bbox 794 2192 1065 2258; x_wconf 83' lang='lat' dir='ltr'><strong>feliciter</strong></span> <span class='ocrx_word' id='word_1_151' title='bbox 1109 2193 1459 2276; x_wconf 88' lang='lat' dir='ltr'><strong>reperisset,</strong></span> <span class='ocrx_word' id='word_1_152' title='bbox 1508 2212 1583 2257; x_wconf 92' lang='lat' dir='ltr'><strong>ea</strong></span> <span class='ocrx_word' id='word_1_153' title='bbox 1630 2213 1750 2279; x_wconf 87' lang='lat' dir='ltr'><strong>ego</strong></span> <span class='ocrx_word' id='word_1_154' title='bbox 1789 2194 1859 2256; x_wconf 91' lang='lat' dir='ltr'><strong>in</strong></span> <span class='ocrx_word' id='word_1_155' title='bbox 1893 2192 2105 2258; x_wconf 88' lang='lat' dir='ltr'><strong>lucem</strong></span> <span class='ocrx_word' id='word_1_156' title='bbox 2144 2193 2532 2278; x_wconf 83' lang='lat' dir='ltr'><strong>protraham.</strong></span> <span class='ocrx_word' id='word_1_157' title='bbox 2579 2191 2797 2256; x_wconf 84' lang='lat' dir='ltr'><strong>Etiam</strong></span> <span class='ocrx_word' id='word_1_158' title='bbox 2839 2193 3024 2254; x_wconf 88' lang='lat' dir='ltr'><strong>antea</strong></span> 
     </span>
     <span class='ocr_line' id='line_1_19' title="bbox 636 2296 3022 2387; baseline -0.003 -21"><span class='ocrx_word' id='word_1_159' title='bbox 636 2320 837 2386; x_wconf 92' lang='lat' dir='ltr'><strong>quum</strong></span> <span class='ocrx_word' id='word_1_160' title='bbox 907 2301 1158 2387; x_wconf 85' lang='lat' dir='ltr'><strong>vigeret</strong></span> <span class='ocrx_word' id='word_1_161' title='bbox 1217 2297 1479 2384; x_wconf 87' lang='lat' dir='ltr'><strong>egregia</strong></span> <span class='ocrx_word' id='word_1_162' title='bbox 1536 2297 1852 2382; x_wconf 80' lang='lat' dir='ltr'><strong>quaedam</strong></span> <span class='ocrx_word' id='word_1_163' title='bbox 1914 2299 2051 2364; x_wconf 87' lang='lat' dir='ltr'><strong>eius</strong></span> <span class='ocrx_word' id='word_1_164' title='bbox 2111 2301 2372 2365; x_wconf 85' lang='lat' dir='ltr'><strong>inventa</strong></span> <span class='ocrx_word' id='word_1_165' title='bbox 2392 2345 2408 2376; x_wconf 88' lang='lat'><em>,</em></span> <span class='ocrx_word' id='word_1_166' title='bbox 2475 2318 2635 2383; x_wconf 90' lang='lat' dir='ltr'><strong>quae</strong></span> <span class='ocrx_word' id='word_1_167' title='bbox 2699 2296 2836 2381; x_wconf 88' lang='lat' dir='ltr'><strong>ipse</strong></span> <span class='ocrx_word' id='word_1_168' title='bbox 2895 2315 3022 2360; x_wconf 91' lang='lat' dir='ltr'><strong>non</strong></span> 
     </span>
     <span class='ocr_line' id='line_1_20' title="bbox 638 2402 3024 2490; baseline -0.004 -16"><span class='ocrx_word' id='word_1_169' title='bbox 638 2408 901 2474; x_wconf 86' lang='lat' dir='ltr'><strong>curabat</strong></span> <span class='ocrx_word' id='word_1_170' title='bbox 946 2405 1157 2481; x_wconf 87' lang='lat' dir='ltr'><strong>edere,</strong></span> <span class='ocrx_word' id='word_1_171' title='bbox 1208 2423 1327 2490; x_wconf 88' lang='lat' dir='ltr'><strong>ego</strong></span> <span class='ocrx_word' id='word_1_172' title='bbox 1378 2404 1445 2466; x_wconf 90' lang='lat' dir='ltr'><strong>in</strong></span> <span class='ocrx_word' id='word_1_173' title='bbox 1490 2402 1830 2468; x_wconf 89' lang='lat' dir='ltr'><strong>hominum</strong></span> <span class='ocrx_word' id='word_1_174' title='bbox 1866 2405 2166 2469; x_wconf 86' lang='lat' dir='ltr'><strong>notitiam</strong></span> <span class='ocrx_word' id='word_1_175' title='bbox 2205 2403 2446 2489; x_wconf 90' lang='lat' dir='ltr'><strong>protuli</strong></span> <span class='ocrx_word' id='word_1_176' title='bbox 2487 2404 2678 2488; x_wconf 92' lang='lat' dir='ltr'><strong>idque</strong></span> <span class='ocrx_word' id='word_1_177' title='bbox 2718 2423 2865 2468; x_wconf 89' lang='lat' dir='ltr'><strong>eum</strong></span> <span class='ocrx_word' id='word_1_178' title='bbox 2897 2420 3024 2466; x_wconf 90' lang='lat' dir='ltr'><strong>non</strong></span> 
     </span>
     <span class='ocr_line' id='line_1_21' title="bbox 635 2507 3024 2589; baseline -0.004 -10"><span class='ocrx_word' id='word_1_179' title='bbox 635 2512 804 2581; x_wconf 89' lang='lat' dir='ltr'><strong>nolle</strong></span> <span class='ocrx_word' id='word_1_180' title='bbox 868 2513 1023 2577; x_wconf 88' lang='lat' dir='ltr'><strong>satis</strong></span> <span class='ocrx_word' id='word_1_181' title='bbox 1081 2507 1391 2575; x_wconf 83' lang='lat' dir='ltr'><strong>intellexi.</strong></span> <span class='ocrx_word' id='word_1_182' title='bbox 1486 2507 1704 2573; x_wconf 78' lang='lat' dir='ltr'><strong>Etiam</strong></span> <span class='ocrx_word' id='word_1_183' title='bbox 1765 2529 1968 2585; x_wconf 89' lang='lat' dir='ltr'><strong>nunc,</strong></span> <span class='ocrx_word' id='word_1_184' title='bbox 2033 2515 2131 2577; x_wconf 85' lang='lat' dir='ltr'><strong>sat</strong></span> <span class='ocrx_word' id='word_1_185' title='bbox 2189 2512 2356 2589; x_wconf 87' lang='lat' dir='ltr'><strong>scic,</strong></span> <span class='ocrx_word' id='word_1_186' title='bbox 2419 2531 2527 2577; x_wconf 90' lang='lat' dir='ltr'><strong>me</strong></span> <span class='ocrx_word' id='word_1_187' title='bbox 2587 2509 2762 2575; x_wconf 91' lang='lat' dir='ltr'><strong>idem</strong></span> <span class='ocrx_word' id='word_1_188' title='bbox 2820 2509 3024 2573; x_wconf 84' lang='lat' dir='ltr'><strong>facere</strong></span> 
     </span>
     <span class='ocr_line' id='line_1_22' title="bbox 633 2615 3022 2703; baseline -0.003 -17"><span class='ocrx_word' id='word_1_189' title='bbox 633 2641 758 2686; x_wconf 90' lang='lat' dir='ltr'><strong>non</strong></span> <span class='ocrx_word' id='word_1_190' title='bbox 801 2620 1023 2703; x_wconf 91' lang='lat' dir='ltr'><strong>iniquo</strong></span> <span class='ocrx_word' id='word_1_191' title='bbox 1077 2619 1289 2681; x_wconf 88' lang='lat' dir='ltr'><strong>animo</strong></span> <span class='ocrx_word' id='word_1_192' title='bbox 1335 2615 1552 2693; x_wconf 85' lang='lat' dir='ltr'><strong>ferret,</strong></span> <span class='ocrx_word' id='word_1_193' title='bbox 1605 2617 2018 2699; x_wconf 87' lang='lat' dir='ltr'><strong>quamobrem</strong></span> <span class='ocrx_word' id='word_1_194' title='bbox 2066 2617 2316 2683; x_wconf 86' lang='lat' dir='ltr'><strong>decrevi</strong></span> <span class='ocrx_word' id='word_1_195' title='bbox 2362 2638 2440 2681; x_wconf 80' lang='lat' dir='ltr'><strong>ex</strong></span> <span class='ocrx_word' id='word_1_196' title='bbox 2480 2616 2772 2702; x_wconf 86' lang='lat' dir='ltr'><strong>pluribus</strong></span> <span class='ocrx_word' id='word_1_197' title='bbox 2819 2615 2898 2679; x_wconf 89' lang='lat' dir='ltr'><strong>ab</strong></span> <span class='ocrx_word' id='word_1_198' title='bbox 2947 2634 3022 2678; x_wconf 92' lang='lat' dir='ltr'><strong>eo</strong></span> 
     </span>
     <span class='ocr_line' id='line_1_23' title="bbox 632 2718 3016 2813; baseline -0.003 -22"><span class='ocrx_word' id='word_1_199' title='bbox 632 2727 894 2813; x_wconf 87' lang='lat' dir='ltr'><strong>repertis</strong></span> <span class='ocrx_word' id='word_1_200' title='bbox 958 2724 1200 2810; x_wconf 87' lang='lat' dir='ltr'><strong>potiora</strong></span> <span class='ocrx_word' id='word_1_201' title='bbox 1243 2720 1553 2807; x_wconf 88' lang='lat' dir='ltr'><strong>quaedam</strong></span> <span class='ocrx_word' id='word_1_202' title='bbox 1601 2720 1982 2807; x_wconf 89' lang='lat' dir='ltr'><strong>simpliciter</strong></span> <span class='ocrx_word' id='word_1_203' title='bbox 2025 2724 2246 2807; x_wconf 87' lang='lat' dir='ltr'><strong>paucis</strong></span> <span class='ocrx_word' id='word_1_204' title='bbox 2288 2723 2504 2789; x_wconf 87' lang='lat' dir='ltr'><strong>verbis</strong></span> <span class='ocrx_word' id='word_1_205' title='bbox 2548 2742 2696 2786; x_wconf 91' lang='lat' dir='ltr'><strong>cum</strong></span> <span class='ocrx_word' id='word_1_206' title='bbox 2741 2718 3016 2806; x_wconf 91' lang='lat' dir='ltr'><strong>philolo-</strong></span> 
     </span>
     <span class='ocr_line' id='line_1_24' title="bbox 636 2831 1277 2921; baseline -0.008 -24"><span class='ocrx_word' id='word_1_207' title='bbox 636 2834 739 2921; x_wconf 88' lang='lat' dir='ltr'><strong>gis</strong></span> <span class='ocrx_word' id='word_1_208' title='bbox 784 2831 1277 2898; x_wconf 88' lang='lat' dir='ltr'><strong>communicare.</strong></span> 
     </span>
    </p>

    <p class='ocr_par' dir='ltr' id='par_1_4' title="bbox 636 2930 3022 3217">
     <span class='ocr_line' id='line_1_25' title="bbox 722 2930 3022 3024; baseline -0.004 -22"><span class='ocrx_word' id='word_1_209' title='bbox 722 2934 957 3024; x_wconf 90' lang='lat' dir='ltr'><strong>Delegi</strong></span> <span class='ocrx_word' id='word_1_210' title='bbox 1002 2956 1080 3000; x_wconf 83' lang='lat' dir='ltr'><strong>ex</strong></span> <span class='ocrx_word' id='word_1_211' title='bbox 1124 2933 1422 2999; x_wconf 89' lang='lat' dir='ltr'><strong>omnibus</strong></span> <span class='ocrx_word' id='word_1_212' title='bbox 1468 2934 1752 3018; x_wconf 90' lang='lat' dir='ltr'><strong>primum</strong></span> <span class='ocrx_word' id='word_1_213' title='bbox 1803 2930 2183 3000; x_wconf 68' lang='lat' dir='ltr'><strong>(lemnum</strong></span> <span class='ocrx_word' id='word_1_214' title='bbox 2223 2934 2560 3011; x_wconf 67' lang='lat' dir='ltr'><strong>NEPOTEM,</strong></span> <span class='ocrx_word' id='word_1_215' title='bbox 2601 2935 2669 2997; x_wconf 88' lang='lat' dir='ltr'><strong>in</strong></span> <span class='ocrx_word' id='word_1_216' title='bbox 2705 2952 2829 3015; x_wconf 92' lang='lat' dir='ltr'><strong>quo</strong></span> <span class='ocrx_word' id='word_1_217' title='bbox 2852 2930 3022 2996; x_wconf 87' lang='lat' dir='ltr'><strong>mul-</strong></span> 
     </span>
     <span class='ocr_line' id='line_1_26' title="bbox 636 3037 3019 3128; baseline -0.003 -20"><span class='ocrx_word' id='word_1_218' title='bbox 636 3050 779 3108; x_wconf 89' lang='lat' dir='ltr'><strong>tum</strong></span> <span class='ocrx_word' id='word_1_219' title='bbox 842 3062 1065 3128; x_wconf 87' lang='lat' dir='ltr'><strong>operae</strong></span> <span class='ocrx_word' id='word_1_220' title='bbox 1125 3046 1419 3125; x_wconf 89' lang='lat' dir='ltr'><strong>posuerat</strong></span> <span class='ocrx_word' id='word_1_221' title='bbox 1436 3086 1453 3116; x_wconf 91' lang='lat'>,</span> <span class='ocrx_word' id='word_1_222' title='bbox 1518 3038 1596 3103; x_wconf 94' lang='lat' dir='ltr'><strong>de</strong></span> <span class='ocrx_word' id='word_1_223' title='bbox 1658 3040 1921 3104; x_wconf 85' lang='lat' dir='ltr'><strong>caeteris</strong></span> <span class='ocrx_word' id='word_1_224' title='bbox 1967 3040 2261 3126; x_wconf 78' lang='lat' dir='ltr'><strong>deinceps</strong></span> <span class='ocrx_word' id='word_1_225' title='bbox 2307 3040 2388 3106; x_wconf 85' lang='lat' dir='ltr'><strong>ad</strong></span> <span class='ocrx_word' id='word_1_226' title='bbox 2433 3038 2706 3105; x_wconf 89' lang='lat' dir='ltr'><strong>eundem</strong></span> <span class='ocrx_word' id='word_1_227' title='bbox 2751 3037 3019 3102; x_wconf 91' lang='lat' dir='ltr'><strong>modum</strong></span> 
     </span>
     <span class='ocr_line' id='line_1_27' title="bbox 640 3154 917 3217; baseline -0.018 0"><span class='ocrx_word' id='word_1_228' title='bbox 640 3154 917 3217; x_wconf 87' lang='lat' dir='ltr'><strong>acturus.</strong></span> 
     </span>
    </p>

    <p class='ocr_par' dir='ltr' id='par_1_5' title="bbox 634 3248 3023 3445">
     <span class='ocr_line' id='line_1_28' title="bbox 724 3248 3023 3337; baseline -0.003 -16"><span class='ocrx_word' id='word_1_229' title='bbox 724 3254 1047 3321; x_wconf 90' lang='lat' dir='ltr'><strong>Utebatur</strong></span> <span class='ocrx_word' id='word_1_230' title='bbox 1084 3258 1158 3317; x_wconf 88' lang='lat' dir='ltr'><strong>ut</strong></span> <span class='ocrx_word' id='word_1_231' title='bbox 1180 3251 1536 3337; x_wconf 88' lang='lat' dir='ltr'><strong>plurimum</strong></span> <span class='ocrx_word' id='word_1_232' title='bbox 1561 3271 1638 3317; x_wconf 89' lang='lat' dir='ltr'><strong>ea</strong></span> <span class='ocrx_word' id='word_1_233' title='bbox 1659 3250 1926 3337; x_wconf 85' lang='lat' dir='ltr'><strong>Nepotis</strong></span> <span class='ocrx_word' id='word_1_234' title='bbox 1950 3252 2248 3337; x_wconf 90' lang='lat' dir='ltr'><strong>editione,</strong></span> <span class='ocrx_word' id='word_1_235' title='bbox 2274 3272 2467 3336; x_wconf 91' lang='lat' dir='ltr'><strong>quam</strong></span> <span class='ocrx_word' id='word_1_236' title='bbox 2492 3248 2794 3317; x_wconf 57' lang='lat' dir='ltr'><strong>Caenus</strong></span> <span class='ocrx_word' id='word_1_237' title='bbox 2817 3248 3023 3315; x_wconf 53' lang='lat' dir='ltr'><strong>Ham</strong></span> 
     </span>
     <span class='ocr_line' id='line_1_29' title="bbox 634 3356 2826 3445; baseline -0.004 -16"><span class='ocrx_word' id='word_1_238' title='bbox 634 3382 795 3429; x_wconf 80' lang='lat' dir='ltr'><strong>anno</strong></span> <span class='ocrx_word' id='word_1_239' title='bbox 839 3361 1036 3425; x_wconf 84' lang='lat' dir='ltr'><strong>huius</strong></span> <span class='ocrx_word' id='word_1_240' title='bbox 1081 3356 1319 3424; x_wconf 86' lang='lat' dir='ltr'><strong>saeculi</strong></span> <span class='ocrx_word' id='word_1_241' title='bbox 1364 3359 1839 3445; x_wconf 87' lang='lat' dir='ltr'><strong>septuagesimo</strong></span> <span class='ocrx_word' id='word_1_242' title='bbox 1885 3361 2093 3442; x_wconf 89' lang='lat' dir='ltr'><strong>primo</strong></span> <span class='ocrx_word' id='word_1_243' title='bbox 2141 3356 2396 3443; x_wconf 89' lang='lat' dir='ltr'><strong>Lipsiae</strong></span> <span class='ocrx_word' id='word_1_244' title='bbox 2441 3356 2826 3441; x_wconf 83' lang='lat' dir='ltr'><strong>procuravit.</strong></span> 
     </span>
    </p>
   </div>
   <div class='ocr_carea' id='block_1_3' title="bbox 631 3670 3050 4507">
    <p class='ocr_par' dir='ltr' id='par_1_6' title="bbox 635 3670 3020 3979">
     <span class='ocr_line' id='line_1_30' title="bbox 726 3670 3020 3760; baseline -0.006 -15"><span class='ocrx_word' id='word_1_245' title='bbox 726 3677 1002 3745; x_wconf 73' lang='lat' dir='ltr'><strong>Miltiad.</strong></span> <span class='ocrx_word' id='word_1_246' title='bbox 1065 3673 1131 3739; x_wconf 88' lang='lat' dir='ltr'><strong>H</strong></span> <span class='ocrx_word' id='word_1_247' title='bbox 1150 3722 1165 3753; x_wconf 91' lang='lat'>,</span> <span class='ocrx_word' id='word_1_248' title='bbox 1216 3672 1292 3738; x_wconf 84' lang='lat'><strong>3:</strong></span> <span class='ocrx_word' id='word_1_249' title='bbox 1340 3678 1553 3760; x_wconf 75' lang='lat' dir='ltr'><strong>quibus</strong></span> <span class='ocrx_word' id='word_1_250' title='bbox 1598 3674 1774 3737; x_wconf 74' lang='lat' dir='ltr'><strong>rebus</strong></span> <span class='ocrx_word' id='word_1_251' title='bbox 1801 3672 2017 3755; x_wconf 79' lang='lat' dir='ltr'><strong>fiebat</strong></span> <span class='ocrx_word' id='word_1_252' title='bbox 2061 3680 2130 3735; x_wconf 80' lang='lat' dir='ltr'><strong>ut</strong></span> <span class='ocrx_word' id='word_1_253' title='bbox 2172 3694 2292 3737; x_wconf 76' lang='lat' dir='ltr'><strong>non</strong></span> <span class='ocrx_word' id='word_1_254' title='bbox 2337 3676 2531 3735; x_wconf 74' lang='lat' dir='ltr'><strong>minue</strong></span> <span class='ocrx_word' id='word_1_255' title='bbox 2571 3692 2768 3735; x_wconf 72' lang='lat' dir='ltr'><strong>eor-mn</strong></span> <span class='ocrx_word' id='word_1_256' title='bbox 2811 3670 3020 3733; x_wconf 78' lang='lat' dir='ltr'><strong>volun·</strong></span> 
     </span>
     <span class='ocr_line' id='line_1_31' title="bbox 635 3776 3020 3867; baseline -0.005 -18"><span class='ocrx_word' id='word_1_257' title='bbox 635 3792 755 3851; x_wconf 78' lang='lat' dir='ltr'><strong>tate</strong></span> <span class='ocrx_word' id='word_1_258' title='bbox 808 3789 1093 3867; x_wconf 82' lang='lat' dir='ltr'><strong>perpetuo</strong></span> <span class='ocrx_word' id='word_1_259' title='bbox 1151 3781 1461 3863; x_wconf 53' lang='lat' dir='ltr'><strong>impe-ium</strong></span> <span class='ocrx_word' id='word_1_260' title='bbox 1506 3778 1821 3855; x_wconf 76' lang='lat' dir='ltr'><strong>obtineret,</strong></span> <span class='ocrx_word' id='word_1_261' title='bbox 1871 3783 1977 3862; x_wconf 79' lang='lat' dir='ltr'><strong>qui</strong></span> <span class='ocrx_word' id='word_1_262' title='bbox 2019 3778 2302 3843; x_wconf 71' lang='lat' dir='ltr'><strong>miserant</strong></span> <span class='ocrx_word' id='word_1_263' title='bbox 2318 3829 2334 3852; x_wconf 88' lang='lat'>,</span> <span class='ocrx_word' id='word_1_264' title='bbox 2385 3801 2558 3864; x_wconf 78' lang='lat' dir='ltr'><strong>quam</strong></span> <span class='ocrx_word' id='word_1_265' title='bbox 2609 3776 2848 3841; x_wconf 75' lang='lat' dir='ltr'><strong>illorum</strong></span> <span class='ocrx_word' id='word_1_266' title='bbox 2893 3798 3020 3839; x_wconf 69' lang='lat' dir='ltr'><strong>cum</strong></span> 
     </span>
     <span class='ocr_line' id='line_1_32' title="bbox 636 3888 1392 3979; baseline -0.011 -22"><span class='ocrx_word' id='word_1_267' title='bbox 636 3892 849 3979; x_wconf 66' lang='lat' dir='ltr'><strong>quibua</strong></span> <span class='ocrx_word' id='word_1_268' title='bbox 894 3898 1028 3952; x_wconf 78' lang='lat' dir='ltr'><strong>erat</strong></span> <span class='ocrx_word' id='word_1_269' title='bbox 1056 3888 1392 3971; x_wconf 72' lang='lat' dir='ltr'><strong>profectus.</strong></span> 
     </span>
    </p>

    <p class='ocr_par' dir='ltr' id='par_1_7' title="bbox 631 3988 3050 4507">
     <span class='ocr_line' id='line_1_33' title="bbox 725 3988 3022 4099; baseline -0.004 -37"><span class='ocrx_word' id='word_1_270' title='bbox 725 3995 1047 4083; x_wconf 80' lang='lat' dir='ltr'><strong>Pluygers</strong></span> <span class='ocrx_word' id='word_1_271' title='bbox 1118 3994 1402 4058; x_wconf 86' lang='lat' dir='ltr'><strong>restituit</strong></span> <span class='ocrx_word' id='word_1_272' title='bbox 1464 3998 1804 4075; x_wconf 72' lang='lat' dir='ltr'><strong>perpetuom</strong></span> <span class='ocrx_word' id='word_1_273' title='bbox 1871 3996 2178 4075; x_wconf 76' lang='lat' dir='ltr'><strong>imperium</strong></span> <span class='ocrx_word' id='word_1_274' title='bbox 2254 3990 2468 4099; x_wconf 87' lang='lat' dir='ltr'><strong>(nam</strong></span> <span class='ocrx_word' id='word_1_275' title='bbox 2500 3994 2591 4056; x_wconf 90' lang='lat' dir='ltr'><strong>sic</strong></span> <span class='ocrx_word' id='word_1_276' title='bbox 2662 3988 3022 4055; x_wconf 84' lang='lat' dir='ltr'><strong>scribebant</strong></span> 
     </span>
     <span class='ocr_line' id='line_1_34' title="bbox 634 4093 3050 4183; baseline -0.005 -14"><span class='ocrx_word' id='word_1_277' title='bbox 634 4104 875 4169; x_wconf 85' lang='lat' dir='ltr'><strong>scribae</strong></span> <span class='ocrx_word' id='word_1_278' title='bbox 922 4097 1263 4183; x_wconf 88' lang='lat' dir='ltr'><strong>antiquarii</strong></span> <span class='ocrx_word' id='word_1_279' title='bbox 1303 4094 1605 4180; x_wconf 57' lang='lat' dir='ltr'><strong>perpetu&amp;</strong></span> <span class='ocrx_word' id='word_1_280' title='bbox 1636 4117 1750 4181; x_wconf 88' lang='lat' dir='ltr'><strong>pro</strong></span> <span class='ocrx_word' id='word_1_281' title='bbox 1785 4100 2162 4181; x_wconf 73' lang='lat' dir='ltr'><strong>perpetum)</strong></span> <span class='ocrx_word' id='word_1_282' title='bbox 2217 4117 2585 4182; x_wconf 87' lang='lat' dir='ltr'><strong>comparans</strong></span> <span class='ocrx_word' id='word_1_283' title='bbox 2630 4116 2769 4180; x_wconf 89' lang='lat' dir='ltr'><strong>cap.</strong></span> <span class='ocrx_word' id='word_1_284' title='bbox 2812 4093 3050 4159; x_wconf 90' lang='lat'><strong>111.1··</strong></span> 
     </span>
     <span class='ocr_line' id='line_1_35' title="bbox 632 4201 3015 4297; baseline -0.004 -23"><span class='ocrx_word' id='word_1_285' title='bbox 632 4211 863 4297; x_wconf 69' lang='lat' dir='ltr'><strong>quibus</strong></span> <span class='ocrx_word' id='word_1_286' title='bbox 905 4206 1167 4293; x_wconf 72' lang='lat' dir='ltr'><strong>einyulic</strong></span> <span class='ocrx_word' id='word_1_287' title='bbox 1225 4210 1483 4287; x_wconf 73' lang='lat' dir='ltr'><strong>ipsorum</strong></span> <span class='ocrx_word' id='word_1_288' title='bbox 1540 4203 1774 4266; x_wconf 77' lang='lat' dir='ltr'><strong>urbium</strong></span> <span class='ocrx_word' id='word_1_289' title='bbox 1819 4210 2111 4286; x_wconf 75' lang='lat' dir='ltr'><strong>perpetua</strong></span> <span class='ocrx_word' id='word_1_290' title='bbox 2174 4204 2410 4267; x_wconf 76' lang='lat' dir='ltr'><strong>dederat</strong></span> <span class='ocrx_word' id='word_1_291' title='bbox 2454 4201 2720 4284; x_wconf 75' lang='lat' dir='ltr'><strong>imperia.</strong></span> <span class='ocrx_word' id='word_1_292' title='bbox 2770 4206 2835 4265; x_wconf 83' lang='lat' dir='ltr'><strong>et</strong></span> <span class='ocrx_word' id='word_1_293' title='bbox 2880 4222 3015 4286; x_wconf 88' lang='lat' dir='ltr'><strong>cap.</strong></span> 
     </span>
     <span class='ocr_line' id='line_1_36' title="bbox 631 4307 3014 4392; baseline -0.005 -11"><span class='ocrx_word' id='word_1_294' title='bbox 631 4314 803 4382; x_wconf 80' lang='lat' dir='ltr'><strong>vm.</strong></span> <span class='ocrx_word' id='word_1_295' title='bbox 856 4312 930 4377; x_wconf 84' lang='lat'><strong>3:</strong></span> <span class='ocrx_word' id='word_1_296' title='bbox 980 4334 1117 4377; x_wconf 79' lang='lat' dir='ltr'><strong>nom</strong></span> <span class='ocrx_word' id='word_1_297' title='bbox 1184 4308 1525 4374; x_wconf 67' lang='lat' dir='ltr'><strong>Chersonesi</strong></span> <span class='ocrx_word' id='word_1_298' title='bbox 1588 4343 1669 4355; x_wconf 91' lang='lat'><strong>-—</strong></span> <span class='ocrx_word' id='word_1_299' title='bbox 1723 4316 2080 4392; x_wconf 72' lang='lat' dir='ltr'><strong>perpetuam</strong></span> <span class='ocrx_word' id='word_1_300' title='bbox 2141 4308 2480 4374; x_wconf 74' lang='lat' dir='ltr'><strong>obtinuerat</strong></span> <span class='ocrx_word' id='word_1_301' title='bbox 2540 4307 3014 4372; x_wconf 77' lang='lat' dir='ltr'><strong>dominationem.</strong></span> 
     </span>
     <span class='ocr_line' id='line_1_37' title="bbox 631 4414 3017 4507; baseline -0.005 -20"><span class='ocrx_word' id='word_1_302' title='bbox 631 4428 697 4488; x_wconf 84' lang='lat' dir='ltr'><strong>et</strong></span> <span class='ocrx_word' id='word_1_303' title='bbox 740 4426 884 4507; x_wconf 78' lang='lat' dir='ltr'><strong>post</strong></span> <span class='ocrx_word' id='word_1_304' title='bbox 928 4438 1164 4505; x_wconf 86' lang='lat' dir='ltr'><strong>pauca:</strong></span> <span class='ocrx_word' id='word_1_305' title='bbox 1213 4421 1319 4503; x_wconf 77' lang='lat' dir='ltr'><strong>qui</strong></span> <span class='ocrx_word' id='word_1_306' title='bbox 1350 4422 1649 4499; x_wconf 71' lang='lat' dir='ltr'><strong>potestate</strong></span> <span class='ocrx_word' id='word_1_307' title='bbox 1694 4426 1836 4479; x_wconf 71' lang='lat' dir='ltr'><strong>eunt</strong></span> <span class='ocrx_word' id='word_1_308' title='bbox 1865 4426 2162 4500; x_wconf 73' lang='lat' dir='ltr'><strong>perpetua</strong></span> <span class='ocrx_word' id='word_1_309' title='bbox 2207 4420 2274 4479; x_wconf 73' lang='lat' dir='ltr'><strong>in</strong></span> <span class='ocrx_word' id='word_1_310' title='bbox 2319 4438 2391 4479; x_wconf 78' lang='lat' dir='ltr'><strong>ea</strong></span> <span class='ocrx_word' id='word_1_311' title='bbox 2436 4414 2678 4481; x_wconf 77' lang='lat' dir='ltr'><strong>civitate</strong></span> <span class='ocrx_word' id='word_1_312' title='bbox 2693 4464 2711 4492; x_wconf 86' lang='lat'><strong>,</strong></span> <span class='ocrx_word' id='word_1_313' title='bbox 2751 4438 2902 4501; x_wconf 78' lang='lat' dir='ltr'><strong>quae</strong></span> <span class='ocrx_word' id='word_1_314' title='bbox 2940 4414 3017 4477; x_wconf 77' lang='lat' dir='ltr'><strong>li-</strong></span> 
     </span>
    </p>
   </div>
  </div>
 </body>
</html>
