3369 5142
609 286 738 357 432
1602 311 1980 358 FRAGMENTA

600 480 1334 547 accommodatissimum
1400 501 1532 545 esse
1578 484 1953 564 pronunciat
2001 493 2064 544 et
2113 478 2422 545 Codicum
2469 478 2728 545 lectioni
2777 474 2976 541 simil-

601 587 860 652 limum.
922 587 1233 670 Equidem
1296 586 1459 651 illud
1522 588 1865 651 tenendum
1915 607 2133 651 censeo
2183 589 2594 650 παντοδαπᾶν
2641 586 2974 649 lectionem

601 696 905 759 traditam
968 714 1135 777 esse,
1200 713 1322 757 non
1379 690 1776 757 παντοδαπόν
1824 699 1887 755 et
1933 696 2220 777 proxime
2267 694 2558 758 accedam
2607 695 2682 756 ad
2730 689 2979 755 Codicis

601 802 912 887 vestigia,
976 802 1031 863 si
1094 817 1459 882 reposuero:
1526 798 2160 861 παντοδαπανον
2225 796 2374 862 ὅντ’
2437 800 2642 880 ὄχλον.
2737 795 2978 859 Deinde

599 906 903 990 Dioxippi
965 904 1309 969 versiculos
1370 904 1541 969 haud
1602 905 1838 967 trustra
1902 912 2172 967 tentasse
2235 906 2400 967 mihi
2461 906 2676 969 videor
2737 902 2972 965 Mnem.

600 1012 805 1076 XVII.
832 1012 982 1075 240.
1010 1010 1269 1074 Tradita
1294 1011 1485 1073 verba
1512 1017 1718 1074 erant:
1759 1012 1846 1084 μὴ
1873 1012 2309 1075 κατακούσειεν
2338 1013 2530 1087 δέμας
2559 1010 2586 1070 ὅ
2615 1015 2974 1085 Κωρυκαῑος.

603 1120 778 1183 ἀλλὰ
819 1118 939 1194 μὴν
985 1122 1352 1191 κατακήκοα
1395 1114 1871 1181 κατακολουθῶν
1915 1114 2148 1179 ἔνδοθέν
2193 1140 2314 1187 σου,
2342 1138 2502 1200 quae
2525 1119 2616 1181 ita
2641 1116 2966 1179 constitui:

1512 1224 1599 1297 μὴ
1646 1224 2085 1286 κατακαύσειεν
2131 1224 2182 1286 δ’
2231 1224 2418 1291 ἑκὰς

1056 1330 1083 1393 ὅ
1133 1338 1499 1409 Κωρυκαῒος.
1546 1340 1613 1393 Β.
1665 1332 1840 1394 ἀλλὰ
1890 1330 2011 1403 μὴν
2057 1332 2570 1403 κατακήκοεν

1054 1436 1132 1523 (ὁ)
1183 1434 1658 1501 κατακολουθῶν
1705 1434 1942 1499 ἔνδοθέν
1989 1460 2114 1499 σου.

600 1545 792 1630 Apud
837 1543 1263 1607 Athenionem
1312 1563 1373 1626 p.
1427 1542 1594 1619 558;

1061 1651 1135 1720 ὡς
1186 1651 1237 1713 δ’
1286 1650 1444 1729 ἥρω’
1496 1650 1704 1719 αὐτοῖς
1756 1649 1957 1725 ὕςερον
2004 1650 2108 1714 καὶ
2158 1652 2296 1720 τοὺς
2347 1646 2512 1719 ἅλας

1059 1754 1466 1833 προσάγουσιν
1516 1755 1621 1828 ἤδη
1671 1763 1787 1819 τῶν
1835 1757 1996 1835 ἱερῶν
2045 1756 2657 1833 γεγραμμένων.

604 1863 1157 1948 simplicissimum
1206 1863 1400 1926 fuerit
1444 1861 1815 1925 rescribere:
1866 1862 2456 1938 γεγενημένων.
2509 1861 2660 1925 Ibid.
2715 1881 2804 1923 vs.
2860 1858 2976 1921 44:

1050 1968 1195 2047 ὑπὲρ
1246 1968 1571 2043 εὐσεβείας
1623 1964 1720 2031 οὖν
1769 1966 1932 2046 ἄφες
1981 1975 2221 2033 παῦσαι
2271 1970 2501 2044 λέγων,

605 2078 834 2143 Coraes
878 2076 1129 2161 scripsit
1177 2066 1219 2138 ἑὲ
1268 2080 1430 2157 φής,
1472 2073 1808 2138 Jacobsius
1849 2074 2072 2151 ἀφείς,
2113 2075 2282 2158 quod
2323 2074 2682 2137 Meinekius
2709 2075 2974 2156 recepit:

606 2188 898 2269 equidem
970 2182 1047 2247 de
1110 2182 1409 2245 adverbio
1474 2178 1664 2247 ἅλις
1725 2181 2098 2265 cogitaram.
2163 2181 2281 2244 Sed
2347 2181 2486 2243 leve
2535 2182 2649 2243 hoc
2695 2187 2790 2243 est
2833 2198 2978 2261 prae

607 2293 877 2355 immani
924 2292 1085 2353 vitio
1130 2290 1198 2350 in
1244 2286 1509 2371 Orobyli
1556 2288 1911 2372 fragmento
1959 2308 2020 2371 p.
2073 2286 2237 2349 566:

970 2394 1039 2457 τὸ
1087 2394 1213 2469 γὰρ
1262 2393 1597 2471 ἐνδελεχῶς
1646 2390 1904 2465 μεθύειν
1951 2395 2063 2455 τίν’
2115 2393 2316 2467 ἡδονὴν
2363 2394 2538 2476 ἔχει,

970 2503 1385 2579 dnos-epotum
1433 2498 1637 2579 ζῶνθ’
1686 2499 1900 2561 ἑαυτὸν
1947 2504 2051 2561 τοῦ
2100 2506 2369 2580 φρονεῖν,

968 2605 995 2672 ὃ
1044 2610 1299 2685 μέγιςον
1348 2609 1513 2682 ἡμῶν
1562 2605 1812 2682 ἀγαθὸν
1860 2605 2044 2684 ἔσχεν
2092 2607 2125 2680 ἦ
2170 2609 2392 2684 φύσις;

609 2703 814 2796 Quam
887 2714 1229 2780 absurdum
1304 2713 1409 2776 hic
1473 2721 1568 2776 est
1625 2715 2037 2797 participium
2104 2710 2334 2789 ζῶνταέ
2399 2713 2612 2777 Habet
2658 2714 2724 2777 id
2771 2719 2984 2776 tamen

604 2823 972 2886 Athenaeus
1036 2821 1283 2884 duobus
1344 2819 1533 2895 lucie,
1597 2820 1828 2901 quibus
1891 2819 2007 2882 hoc
2054 2819 2488 2904 fragmentum
2537 2819 2860 2896 laudavit,
2913 2827 2984 2882 ut

609 2933 905 3011 appareat
976 2947 1119 2992 eum
1183 2928 1249 2989 in
1312 2923 1541 2989 Codice
1604 2945 1718 2988 suo
1781 2925 1898 2988 hoc
1959 2927 2172 3007 ipsum
2240 2929 2552 2990 invenisse
2598 2925 2832 3005 ζῶντα,
2876 2927 2984 2990 sed

608 3038 764 3098 satis
824 3034 1151 3108 novimus,
1218 3051 1366 3095 eum
1426 3051 1608 3114 saepe
1670 3034 1979 3113 corruptis
2035 3030 2340 3094 librorum
2393 3053 2650 3094 suorum
2699 3031 2984 3095 lectioni-

608 3141 727 3205 bus
794 3140 1125 3225 deceptum
1195 3139 1409 3202 fuisse.
1504 3137 1631 3201 Hic
1702 3148 1869 3201 certe
1934 3139 2202 3201 minime
2272 3138 2566 3210 dubium,
2652 3141 2802 3222 quin
2874 3159 2982 3201 ve-

611 3267 756 3311 rum
804 3250 923 3311 sit:

1062 3349 1456 3432 οὶποςεροῦνθ’
1506 3349 1767 3418 ἑκόνθ’
1815 3352 2026 3416 ἑαυτὸν
2073 3358 2179 3418 τοῦ
2227 3361 2481 3433 φρονεῖν.

606 3460 748 3526 Hoc
794 3466 889 3526 est
936 3459 1421 3536 stultissimum,
1474 3460 1640 3544 quod
1687 3460 1898 3522 ebrius
1944 3469 2142 3541 sponte
2189 3463 2444 3524 insanit.

698 3672 1053 3738 Parvulum
1116 3681 1209 3738 est
1272 3675 1508 3738 vitium
1528 3720 1543 3748 ,
1609 3673 1719 3737 sed
1776 3693 1970 3758 grave
2019 3676 2363 3736 sententiae
2412 3674 2863 3738 detrimentum
2913 3671 2975 3734 in

608 3777 859 3843 Nicolai
918 3779 1275 3864 fragmento
1322 3801 1381 3863 p.
1436 3779 1584 3845 579.
1634 3779 1964 3843 Parasitus
2009 3780 2103 3840 ibi
2151 3779 2470 3844 hominem
2525 3783 2678 3844 artis
2724 3781 2980 3864 imperi-

612 3891 749 3948 tum
800 3885 1203 3970 dehortatur,
1250 3907 1327 3950 ne
1376 3890 1665 3950 animum
1715 3886 1794 3948 ad
1843 3883 2286 3948 difficillimam
2340 3907 2472 3950 rem
2525 3886 2830 3970 applicet:

1266 3991 1391 4055 ἀπὸ
1440 3996 1611 4056 τίνων
1662 3992 1991 4066 δογμάτων
2041 3991 2374 4068 ὁρμώμενος

1066 4105 1310 4178 τολμᾷς
1358 4104 1750 4174 παρασιτεῑνς
1806 4089 1849 4161 ἃ
1895 4096 2075 4174 μόλις
2124 4101 2304 4174 ἡμεῖς
2352 4101 2450 4163 τὸν
2499 4099 2633 4176 βίον

1068 4203 1327 4271 ἅπαντα
1376 4203 1876 4282 κατατρίψαντες
1924 4205 2054 4268 οὐδὲ
2105 4209 2205 4268 νῦν
2253 4205 2339 4269 ἔτι

1068 4309 1455 4389 ἀνεῳγμένην
1502 4307 1826 4384 δυνάμεθα
1875 4314 1985 4381 τὴν
2031 4308 2226 4384 θύραν
2275 4313 2439 4375 ἰδεῖν.

616 4422 933 4494 Emendat
985 4421 1047 4484 εἴ
1096 4421 1301 4500 μόλις.
1356 4416 1549 4502 Apud
1594 4417 1925 4482 Xenonem
1973 4438 2033 4500 p.
2087 4417 2252 4480 596:
