3369 5142
598 237 730 305 248
1598 253 1984 304 rasennam

595 431 704 497 sed
764 449 889 494 non
950 447 1107 513 opus
1170 427 1495 496 ostendere
1515 477 1531 506 ,
1598 427 1877 496 diversas
1941 447 2040 494 res
2099 425 2206 492 hic
2267 426 2570 514 conjungi
2588 472 2606 502 ,
2655 447 2770 492 nec
2817 429 2986 494 faces

595 536 1095 620 appendebantur,
1150 539 1225 600 ut
1272 533 1527 600 lucrum
1578 536 1744 600 esset
1788 532 2106 600 venditori
2153 554 2231 599 ex
2277 532 2564 599 humidis
2611 536 2947 600 sarmentis
2967 581 2983 611 ‚

592 643 737 726 sed,
788 641 1064 706 tenebris
1110 641 1347 706 obortis
1368 689 1385 724 ,
1434 641 1870 724 unusquisqne
1917 639 2040 703 sibi
2087 662 2267 702 unam
2309 640 2513 705 facem
2563 641 2850 706 emebat:
2895 639 2985 718 μῆ

594 748 736 830 πρίῃ
781 754 907 812 παῖ
944 746 1078 828 δᾷδ’
1128 745 1335 819 ἐπειδὴ
1381 751 1512 829 φῶς
1564 743 1914 818 Σεληναίάς
1966 744 2174 810 καλόν.
2223 744 2356 811 Nec
2403 744 2570 811 faces
2617 746 2988 830 prostabant

593 853 764 940 apud
830 872 1177 937 cauponem
1191 901 1210 935 ‚
1274 855 1386 937 qui
1443 853 1669 917 vinum
1733 858 2068 918 acetumve
2124 850 2458 916 vendebat.
2551 848 2677 916 Sed
2739 853 2849 916 cui
2893 853 2988 917 rei

590 963 913 1045 praeterea
980 960 1049 1022 in
1107 959 1368 1024 emtoris
1422 957 1715 1023 fraudem
1773 977 1936 1041 aqua
2000 955 2238 1021 affundi
2304 952 2551 1041 potest?
2619 954 2854 1022 Oleum
2918 957 2986 1022 id

594 1071 690 1130 est
756 1065 883 1129 nisi
952 1062 1173 1149 fallor,
1244 1063 1414 1149 quod
1477 1063 1537 1126 ἐν
1599 1073 1675 1145 τῇ
1737 1060 1988 1144 ληκύθῳ
2053 1067 2421 1148 supernatat
2441 1109 2458 1138 ,
2523 1068 2599 1128 ut
2643 1062 2818 1128 fraus
2865 1062 2985 1128 ali-

596 1169 905 1256 quamdiu
969 1170 1171 1254 possit
1238 1168 1439 1235 latere
1495 1174 1587 1246 et,
1650 1171 1707 1234 si
1766 1169 1920 1254 quid
1983 1169 2161 1234 aliud
2181 1217 2195 1243 ,
2257 1174 2551 1254 apertum
2599 1174 2697 1233 est
2741 1168 2988 1234 dedisse
3111 1228 3114 1230 ,

596 1280 881 1362 poetam:

1055 1378 1133 1445 ἀν
1178 1380 1235 1444 τ’
1284 1375 1430 1445 οἶνον
1477 1379 1554 1445 ἀν
1600 1380 1660 1444 τ’
1711 1379 1993 1446 ἔλαιον
2040 1378 2361 1445 ἀποδῶταί
2404 1402 2543 1446 τινα.

596 1485 1041 1554 Memorabilis
1086 1485 1444 1572 corruptela
1490 1491 1617 1564 est,
1668 1507 1871 1570 quum
1917 1486 2053 1571 ipso
2099 1483 2430 1552 Athenaeo
2485 1487 2801 1570 antiquior
2861 1487 2982 1562 sit,

602 1595 714 1680 qui
771 1593 970 1674 φανὸν
1032 1592 1280 1658 invenit
1326 1591 1493 1678 apud
1542 1594 1878 1678 scriptores
1895 1639 1913 1670 ,
1964 1612 2123 1677 quos
2165 1592 2566 1678 sequebatur.
2660 1590 2784 1657 Sed
2833 1595 2982 1656 sunt

600 1698 915 1767 eiusmodi
974 1718 1216 1778 errores
1276 1699 1479 1784 ipsius
1540 1698 1694 1765 adeo
1757 1697 2119 1783 Pamphili,
2189 1698 2358 1784 quod
2422 1697 2582 1764 olim
2625 1697 2874 1763 ostendi
2915 1699 2986 1762 in

600 1805 1075 1893 Prolegomenis
1148 1803 1227 1869 ad
1289 1803 1621 1870 Photium.
1662 1805 1935 1871 Possum
1985 1803 2214 1870 addere
2259 1805 2328 1868 in
2374 1803 2620 1869 duobus
2666 1803 2988 1869 Athenaei

602 1911 983 1999 apographis
1040 1909 1176 1997 legi
1214 1910 1283 1974 id
1327 1911 1543 1995 ipsum
1591 1910 1760 1996 quod
1827 1910 2306 1976 commendavi:
2355 1906 2431 1974 ἀν
2477 1907 2538 1972 τ’
2585 1907 2825 1987 ἔλαιον,
2877 1909 2986 1974 sed

600 2020 743 2103 quis
778 2019 1035 2104 ignorat
1067 2016 1357 2081 librarios
1394 2016 1722 2082 interdum
1758 2015 2036 2081 incidere
2074 2017 2143 2080 in
2181 2014 2538 2101 probabiles
2561 2011 2987 2100 conjecturas?

599 2123 673 2188 In
720 2122 956 2188 Veneto
1003 2119 1235 2188 Codice
1280 2122 1583 2186 scribitur
1626 2121 1702 2186 ἂν
1753 2121 2021 2203 στέφανον
2039 2171 2056 2206 ,
2104 2121 2215 2188 sed
2253 2121 2409 2206 quid
2441 2123 2576 2207 ipse
2615 2120 2984 2186 Athenaeus

602 2229 879 2304 dederit,
940 2229 1211 2291 minime
1273 2232 1369 2291 est
1428 2227 1738 2313 dubium,
1796 2249 1946 2293 nam
2011 2226 2130 2293 hoc
2189 2231 2331 2314 agit
2392 2247 2462 2292 eo
2529 2227 2663 2292 loco
2685 2275 2702 2302 ,
2754 2231 2831 2290 ut
2875 2246 2984 2291 ex·

604 2333 801 2418 plicet
859 2333 1013 2417 quid
1072 2335 1157 2396 sit
1217 2333 1450 2412 φανόςε
1515 2354 1791 2399 errorem
1847 2336 1916 2397 in
1962 2333 2221 2398 homine
2269 2338 2406 2398 tam
2451 2332 2812 2420 negligenti
2861 2351 2984 2398 non

601 2441 934 2504 miramur.
977 2435 1274 2502 Ceterum
1323 2438 1399 2503 de
1444 2436 1699 2522 perfidis
1747 2439 2135 2524 cauponibus
2181 2440 2474 2523 componi
2519 2441 2727 2525 potest
2767 2436 2986 2503 Alexi-

602 2545 700 2611 dis
745 2543 923 2611 locus
970 2542 1139 2629 apud
1184 2544 1417 2611 Athen.
1465 2542 1535 2609 H
1582 2564 1645 2630 p.
1696 2541 1781 2609 ’76
1827 2543 1906 2609 D.

689 2754 1039 2821 Philetaeri
1086 2774 1307 2821 versus
1352 2761 1503 2819 sunt
1550 2776 1649 2839 ap.
1703 2756 1936 2821 Athen.
1995 2752 2126 2819 VII
2169 2775 2233 2840 p.
2282 2750 2417 2818 280
2463 2752 2559 2818 D:

1559 2861 1779 2935 θνητῶν
1827 2860 1880 2924 δ’
1929 2856 2050 2925 ὅσοι

966 2963 1139 3044 ζῶσιν
1186 2972 1387 3037 κακῶς
1432 2964 1684 3047 ἔχοντες
1737 2962 2014 3047 ἄφθονον
2060 2964 2231 3043 βίον,

962 3073 1085 3148 ἐγὼ
1134 3071 1247 3147 μὲν
1294 3072 1517 3144 αὐτοὺς
1566 3068 1826 3142 ἀθλίους
1875 3066 2030 3136 εἶναι
2077 3069 2280 3147 λέγω·

964 3177 1029 3241 οὐ
1076 3176 1200 3256 Jeep
1246 3175 1513 3241 θανὼν
1562 3173 1898 3251 biron&
1948 3176 2039 3241 ἂν
2087 3173 2364 3257 ἔγχελυν
2409 3175 2686 3258 φάγοις,

962 3282 1083 3347 οὐδ’
1132 3282 1192 3345 ἐν
1239 3291 1489 3362 νεκροῖσι
1537 3282 1840 3349 πέττεται
1889 3282 2221 3361 γαμήλιος.

604 3387 918 3467 Quartum
989 3387 1380 3454 versiculum
1450 3390 1815 3456 Meinekius
1885 3390 2087 3455 edidit
2159 3409 2193 3452 e
2265 3387 2528 3453 Porsoni
2591 3390 2983 3472 conjectura,

602 3516 753 3560 nam
816 3494 967 3560 libri
1031 3494 1299 3560 habent:
1366 3498 1431 3560 οὐ
1495 3498 1620 3575 γάρ
1689 3494 1889 3560 θανών
1949 3518 2030 3571 γε
2076 3490 2336 3568 ἅπανθ’
2383 3492 2660 3574 ἔγχελυν
2708 3493 2986 3574 Φάγοις,

602 3598 965 3665 Dindorfius
1027 3606 1247 3665 autem
1296 3601 1561 3665 maluit:
1611 3604 1717 3665 οὐκ
1764 3600 1842 3664 ἂν
1889 3600 2072 3663 θανὼν
2121 3596 2446 3673 δήπουθεν.
2493 3600 2740 3665 Neutra
2787 3602 2985 3684 scrip·
3079 3648 3086 3653 .

602 3711 749 3770 tura
793 3704 957 3769 mihi
1004 3703 1248 3788 placet,
1298 3726 1449 3769 nam
1488 3706 1760 3770 libenter
1800 3705 2024 3769 carebo
2057 3702 2309 3769 inficeto
2345 3702 2647 3778 δήπουθεν
2684 3710 2748 3770 et
2787 3702 2987 3769 θανὼν

603 3831 715 3895 pro
759 3806 1087 3873 ἀποθανών
1136 3813 1555 3895 suspiciosum
1605 3818 1719 3874 est.
1769 3808 2026 3875 Leniter
2071 3810 2287 3875 locum
2333 3811 2425 3875 sic
2468 3809 2742 3898 refingo:

873 3916 980 3979 οὐκ
1026 3913 1456 3981 ἀποθανὼν
1505 3915 1659 3993 γάρ
1709 3914 1803 3979 ἄν
1849 3916 2022 3979 ποτ’
2071 3915 2348 3998 ἔγχελυν
2393 3914 2651 3998 φάγοις.

603 4022 847 4089 Notum
894 4025 990 4086 est
1030 4018 1106 4085 ἂν
1154 4026 1217 4085 et
1264 4020 1334 4093 δή
1386 4021 1734 4087 sexcenties
1782 4022 2100 4088 confundi.

696 4230 935 4295 Itidem
994 4251 1027 4295 e
1070 4228 1432 4295 Philetaero
1480 4230 1846 4297 Athenaeus
1893 4230 2114 4298 laudat
2159 4253 2221 4318 p.
2273 4232 2354 4297 21
2406 4230 2494 4300 G:
2543 4232 2718 4313 ἀμφὶ
2771 4233 2988 4313 ςέρνοις

607 4338 803 4417 φᾶρος
860 4336 925 4400 οὐ
988 4337 1309 4413 καθήσεις,
1370 4335 1579 4401 τάλάν
1601 4383 1619 4413 ,
1670 4336 1816 4415 μηδ’
1867 4336 2164 4418 ἀγροίκως
2213 4339 2334 4405 ἀνω
2383 4337 2643 4417 γόνατος
2689 4336 2987 4424 ἀμφέξει.
