3369 5142
683 247 767 318 16
1694 272 2027 320 resume.

761 443 924 531 Pag.
975 440 1083 508 97.
1133 443 1324 514 οὐδεὶς
1371 448 1487 509 τῶν
1534 445 1667 528 (τῆς
1720 442 2052 523 Λιβανίου)
2092 441 2410 515 συνουσίας
2448 441 2817 519 ἀξιωθέντων
2857 447 3073 520 ἀπῆλ-

676 549 770 613 θεν
832 546 1116 624 ἄδηκτος.
1209 548 1630 636 Perspicuum
1693 548 1843 614 hinc
1900 555 1995 614 eet
2055 548 2209 634 quid
2272 551 2357 614 sit
2415 545 2677 623 ἄδηκτος
2731 553 3067 627 ἀπελθεῖν,

671 676 903 740 nempe
963 678 1127 720 nemo
1187 657 1260 721 ab
1323 678 1386 721 eo
1446 659 1578 721 sine
1627 655 1939 722 desiderio
1987 655 2271 721 disceaeeit.
2364 654 2539 720 Hinc
2585 657 2771 743 plane
2816 658 3069 726 intelli-

674 765 856 851 gitur
913 763 1245 830 Plutarchi
1307 764 1483 830 locus
1540 765 1608 828 in
1654 762 1931 846 Pompeio
1976 783 2114 848 cap.
2164 764 2227 828 2.
2282 763 2385 828 12.
2434 763 2622 828 Flora
2667 766 2950 830 meretrix
2994 768 3073 832 de

678 869 956 954 Pompeio
1041 871 1268 935 dicebat
1335 873 1413 942 ὦς
1487 870 1592 937 οὐκ
1666 863 1733 944 ἦν
1804 869 2007 952 ἐκείνῳ
2076 869 2722 949 συναναπαυσαμένην
2786 871 3069 950 ἀδήκτως

679 976 994 1043 ἀπελθεῖν.

765 1189 928 1277 Pag.
973 1187 1080 1255 98.
1137 1190 1214 1256 de
1261 1181 1525 1256 Libanii'
1563 1190 1714 1256 etilo
1762 1192 2018 1256 scribit:
2067 1191 2171 1256 καὶ
2225 1193 2258 1268 ἦ
2298 1187 2617 1270 κομψότης
2654 1189 3065 1272 ΠΕΡΙτρέχει

673 1300 1031 1377 πανταχοῦ.
1126 1296 1252 1362 Pro
1301 1296 1573 1363 ridiculo
1621 1296 1967 1378 περιτρέχει
2015 1299 2331 1364 substitue
2378 1300 2689 1364 usitatum
2728 1300 2797 1362 in
2838 1297 2957 1364 tali
2993 1319 3067 1365 re

669 1403 941 1472 verbum
989 1400 1388 1483 ἘΠΙτρέχει.
1481 1400 1855 1469 Subridebia
1901 1405 1981 1469 ad
2027 1405 2190 1468 hanc
2234 1403 2632 1470 Boiasonadii
2683 1405 3061 1490 interpreta-

672 1511 948 1575 tionem:
1021 1511 1094 1593 »ἦ
1158 1506 1476 1589 κομψότης
1537 1510 1710 1594 quasi
1770 1533 1940 1574 serva
2001 1511 2073 1573 ab
2122 1510 2397 1595 Eunapio
2442 1511 2783 1594 depinyitur
2830 1511 3067 1594 trepide

669 1637 1026 1680 conc-ursam
1069 1623 1138 1680 ut
1184 1616 1440 1681 Libanio
1488 1617 1772 1682 scribenti
1818 1641 1911 1683 ros
1958 1628 2016 1682 et
2060 1618 2237 1682 verba
2280 1617 2639 1682 ministret?
2685 1617 2780 1682 Ut
2826 1617 3065 1684 dicitur

668 1720 854 1802 χάρις
875 1771 892 1800 ,
949 1721 1283 1802 Ἀφροδίτη
1335 1722 1574 1808 ἐπες-ιν,
1613 1723 1901 1807 ἐπανθεῖ,
1936 1725 2028 1788 sic
2068 1728 2133 1788 et
2172 1721 2519 1808 ἐπιτρέχει,
2562 1723 2743 1788 cuius
2767 1722 3065 1809 exempla

670 1828 982 1914 quaedam
1031 1827 1416 1896 Boissonade
1464 1828 1640 1896 dedit
1686 1851 1831 1918 pag.
1885 1827 2035 1896 197.
2087 1829 2198 1895 sed
2234 1830 2479 1918 legitur
2522 1831 2782 1914 passim.

756 2039 919 2128 Pag.
984 2038 1090 2106 99.
1158 2041 1324 2125 quod
1384 2042 1606 2106 scribit
1669 2041 1748 2106 de
1812 2040 2065 2107 Libanii
2110 2041 2296 2106 etilo:
2344 2041 2373 2104 ὃ
2421 2041 2484 2106 δὲ
2536 2078 2617 2090 -—
2669 2040 2739 2104 ἐκ
2786 2046 2895 2113 τῆς
2942 2041 3058 2121 ὦρ-

661 2145 861 2228 χαίας
913 2146 1233 2229 κωμῳδίας
1282 2141 1418 2219 ὅλος
1462 2147 1547 2220 εἷς
1588 2147 1655 2212 τὸ
1700 2146 2147 2226 ἀπαγγέλλειν
2184 2145 2602 2226 εἱλκυσμένος.
2638 2152 2735 2212 et:
2763 2145 3056 2218 παιδείας

664 2253 725 2318 δὲ
792 2253 1136 2334 ὑπερβολὴν
1203 2255 1306 2320 καὶ
1378 2253 1782 2332 ἀναγνώσεως
1854 2252 1978 2322 ἔςιν
2040 2256 2226 2334 εὑρεῖν
2289 2255 2347 2318 ἐν
2413 2261 2537 2328 τοῖς
2588 2252 2795 2332 λόγοις
2845 2253 3055 2331 λέξεσι

663 2359 1322 2438 κατεγλωττισμέναις
1370 2359 1839 2441 ἐντυγχάνοντα
1888 2366 1987 2425 et:
2032 2357 2200 2433 οὗτος
2244 2359 2412 2439 λέξιν
2453 2360 2628 2439 εὑρών
2667 2382 2806 2424 τινα
2848 2385 3056 2440 περιτ-

661 2466 772 2540 τὴν
813 2465 916 2530 καὶ
960 2465 1063 2529 ὑπ’
1111 2464 1520 2546 ἀρχαιότητος
1573 2465 2132 2549 διαλανθάνουσαν,
2181 2469 2257 2538 ὡς
2322 2463 2617 2542 ἀνάθημα
2671 2488 2729 2529 τι
2780 2465 3057 2530 παλαιὸν

661 2571 960 2653 καθαίρων
1009 2578 1073 2639 et
1118 2594 1277 2659 quae
1323 2573 1508 2659 plura
1552 2577 1903 2658 sequuntur
1949 2575 2015 2637 in
2063 2574 2327 2638 eandem
2366 2559 2771 2637 sententiam.
2866 2569 3053 2636 Nihil

661 2680 1006 2767 quidquam
1051 2684 1120 2745 in
1166 2682 1268 2745 his
1312 2682 1450 2747 veri
1498 2685 1610 2747 est.
1707 2678 1939 2744 Videor
1982 2678 2149 2743 mihi
2202 2681 2270 2743 in
2315 2679 2570 2745 Libanii
2632 2680 2887 2763 scriptis
2944 2680 3050 2743 οὐκ

660 2786 1047 2865 ἀμελέτητος
1090 2782 1242 2851 εἶναι
1268 2836 1283 2864 ,
1325 2790 1391 2853 et
1428 2785 1594 2850 nihil
1633 2806 1947 2870 umquam
1987 2786 2065 2851 de
2103 2806 2333 2872 genere
2372 2786 2491 2851 hoc
2516 2786 2683 2871 apud
2707 2806 2856 2851 eum
2890 2784 3048 2853 vidi.

751 3000 914 3088 Pag.
982 2997 1130 3065 102.
1198 2999 1360 3064 bona
1419 3020 1568 3085 pars
1630 2998 2074 3083 Sophistarum
2099 3047 2114 3075 ,
2186 3018 2453 3082 quorum
2504 3000 2671 3063 vita-s
2717 2997 3047 3083 Eunapius

661 3126 726 3171 se
805 3111 991 3191 putat
1065 3105 1367 3182 scribere,
1449 3111 1598 3171 sunt
1680 3102 1969 3185 ἀνδράρια
2042 3104 2393 3185 παράσημα
2466 3108 2568 3167 καὶ
2643 3126 3045 3183 παρακεκομ-

661 3210 857 3290 μένα,
921 3212 1030 3277 sed
1092 3210 1257 3276 nihil
1321 3218 1415 3276 est
1477 3212 1689 3298 magis
1752 3209 2099 3276 mirificum
2150 3231 2343 3293 quam
2390 3208 2673 3296 Magnus
2722 3210 3037 3286 medicus,

661 3321 773 3404 qui
834 3321 1069 3385 σιωπᾶν
1133 3317 1246 3396 μὲν
1310 3319 1369 3381 ἕν
1420 3320 1502 3397 τῷ
1547 3316 1758 3394 λέγειν
1804 3316 1943 3387 τοὺς
1996 3316 2237 3395 ἰατροὺς
2290 3314 2642 3400 ἠνάγκαζε,
2693 3316 3045 3393 θεραπεύειν

661 3423 722 3488 δὲ
789 3424 894 3489 οὐκ
963 3422 1148 3489 ἐδόκει
1215 3423 1468 3493 δυνατὸς
1533 3417 1689 3486 εἶναι
1756 3422 2033 3499 καθάπερ
2097 3421 2325 3499 λέγειν.
2389 3419 2557 3500 Quid
2604 3418 2853 3507 igitur?
2900 3420 3042 3495 τοὺς

660 3527 1140 3611 θεραπευθέντας
1191 3526 1304 3609 ὑφ’
1355 3526 1565 3607 ἑτέρων
1613 3527 1939 3592 οἱπεδείκνυ
1990 3526 2253 3605 Μάγνος
2304 3523 2390 3590 ἔτι
2439 3531 2784 3599 νοσοῦντας.
2848 3526 3039 3593 Haud

657 3636 793 3702 vidi
839 3637 1085 3722 magia,
1131 3639 1196 3699 et
1239 3632 1400 3698 tales
1446 3632 1903 3699 homunciones
1950 3631 2313 3716 aequalium
2362 3632 2854 3697 admirationem
2912 3652 3044 3719 mo·

655 3738 924 3810 vehant!

748 3846 852 3912 Ad
912 3846 1068 3911 haec
1131 3846 1418 3931 Eunapio
1479 3848 1547 3909 in
1607 3850 1894 3911 mentem
1955 3848 2133 3911 venit
2189 3844 2356 3931 quod
2404 3845 2570 3931 apud
2617 3844 3035 3911 Plutarchum

653 3954 900 4041 legerat
924 4002 938 4025 ,
989 3952 1172 4018 cuius
1219 3951 1416 4017 libros
1461 3952 1680 4018 sedulo
1727 3951 2048 4017 lectitasse
2094 3951 2461 4035 Eunapium
2510 3951 2738 4017 multis
2782 3951 3038 4018 indiciis

655 4058 1057 4145 deprehendi.
1155 4056 1279 4123 Sed
1341 4058 1488 4123 audi
1550 4060 1801 4143 ipsum:
1868 4059 1917 4123 οἱ
1983 4058 2246 4123 παλαιοί
2308 4064 2499 4138 Φασιν
2547 4057 2934 4138 Ἀρχίδαμον
2980 4060 3033 4123 εἷ

653 4163 1013 4245 Περικλέους
1097 4164 1186 4237 εἴη
1275 4163 1676 4244 δυνατώτερος
1749 4164 2121 4245 ἐρωτώμενον
2195 4164 2412 4241 »ἄλλα
2486 4161 2600 4227 κᾶν
2672 4162 3030 4240 καταβάλω

653 4270 993 4352 Περικλέα,
1047 4267 1285 4353 φάναι,
1335 4268 1534 4349 λέγων
1583 4271 1806 4341 ἐκεῖνος
1854 4266 1945 4335 ὅτι
1992 4272 2081 4347 μη
2132 4267 2620 4347 καταβέβληται
2670 4269 3031 4343 νενίκηκεν.”

650 4377 980 4464 Eunapius
1035 4378 1198 4443 bona
1257 4374 1378 4443 fide
1440 4376 1734 4443 credebat
1794 4376 2247 4462 Spartanorum
2293 4396 2512 4461 reg-em
2560 4374 3027 4443 Archidamum
