3369 5142
578 287 707 354 392
1662 307 1891 360 Puro.

667 477 820 566 I‘ag.
874 477 1024 546 357.
1074 495 1139 545 e:
1190 481 1359 543 τοῦτ’
1408 478 1532 549 ε’ςὶν
1578 483 1649 548 τὸ
1701 481 1907 558 ἡδονῆς
1949 481 2112 559 ἥττω
2154 478 2306 546 εἶναι
2345 481 2656 558 ἀμαθίαῆ
2682 481 2954 560 μεγίςη·

574 579 639 659 ἧς
704 585 1117 666 Πρωταγόρας
1186 582 1285 651 ὅδε
1332 588 1521 668 φησὶν
1567 590 1771 667 ἰατρὸς
1820 585 1972 654 εἶναι
2023 588 2127 652 καὶ
2178 587 2460 667 Πρόδικος
2509 589 2610 652 καὶ
2661 589 2954 659 Ἱππίας·

573 690 749 767 ὑμεῖς
795 691 857 756 δὲ
905 691 1005 756 δια
1054 691 1125 757 τὸ
1173 693 1399 758 οἴεσθαι
1446 691 1607 759 ἄλλο
1654 719 1713 759 τι
1765 696 1798 771 ἧ
1849 694 2129 772 ἀμαθίαν
2177 689 2327 760 εἶναι
2378 693 2518 760 οὔτε
2567 696 2742 760 αὑτοὶ
2791 696 2830 734 ¹*
2856 693 2959 734 *ἢ*

570 796 711 863 οὔτε
754 797 894 872 τοὺς
945 799 1264 880 ὑμετέρους
1312 801 1551 874 παῖδας
1602 802 1779 883 παρὰ
1825 801 1966 874 τοὺς
2013 801 2239 866 τούτων
2287 800 2693 874 διδασκάλους
2723 801 2958 866 ’τούσδε

570 903 738 986 [τοὺς
802 907 1103 990 σοφιςὰς]
1168 905 1457 982 πέμπετε
1518 911 1594 978 ὡς
1650 911 1716 974 οὑ
1778 906 2063 972 διδακτοῦ
2109 905 2294 979 ὄντος.
2395 907 2815 974 Manifestum
2862 914 2960 972 est

568 1013 713 1094 post
780 1009 922 1075 οὔτε
992 1013 1171 1076 αὐτοί
1239 1011 1535 1079 lacunam
1608 1035 1760 1079 esse.
1856 1013 2076 1099 Itaque
2160 1013 2537 1100 Madvigius
2624 1013 2959 1099 supplebat

569 1115 709 1181 οὔτε
756 1119 930 1183 αὐτοὶ
984 1121 1245 1205 (ἼΤΕ),
1300 1119 1467 1204 quod
1514 1125 1588 1185 ut
1635 1126 1804 1186 reete
1853 1121 2099 1187 dietum
2149 1121 2235 1184 sit
2281 1121 2607 1204 sequentia
2639 1119 2834 1184 verba
2865 1121 2957 1184 sio

573 1230 760 1288 erunt
821 1226 1303 1293 conformanda:
1373 1227 1511 1292 οὔτε
1562 1227 1738 1291 αὑτοὶ
1787 1226 1934 1312 (ἴτε)
1984 1225 2156 1306 παρὰ
2203 1224 2345 1295 τοὺς
2391 1225 2619 1290 τούτων
2667 1223 2957 1289 διδασκοί-

571 1343 713 1402 λους
786 1331 1003 1397 τούσδε
1073 1332 1213 1397 οὔτε
1287 1334 1428 1404 τοὺς
1497 1333 1819 1414 ὑμετέρους
1883 1331 2117 1403 παῖδας
2182 1331 2490 1409 πέμπετε.
2585 1329 2692 1396 Sic
2758 1332 2956 1396 etiam

568 1435 803 1502 melius
864 1443 1121 1524 apparet
1183 1445 1353 1504 recte
1396 1440 1724 1506 Naberum
1774 1439 1913 1509 τοὺς
1961 1437 2230 1517 σοφιςοὶς
2283 1436 2608 1503 delevisse.
2706 1436 2955 1522 Nempe

568 1561 693 1607 non
757 1548 1007 1609 tantum
1057 1565 1129 1610 ea
1180 1546 1372 1610 verba
1417 1547 1628 1631 inepte
1676 1545 2000 1610 abundant
2045 1551 2223 1629 post:
2274 1539 2338 1618 ἧς
2389 1542 2805 1623 Πρωταγόρας
2853 1538 2949 1607 ὅδε

568 1650 759 1728 φησὶν
805 1651 1008 1728 ἰατρὸς
1058 1647 1212 1716 εἶναι
1262 1652 1367 1716 καὶ
1416 1651 1703 1732 Πρόδικος
1755 1653 1857 1716 καὶ
1907 1651 2186 1726 Ἱππίας,
2237 1649 2346 1714 sed
2393 1669 2518 1714 non
2560 1655 2656 1714 est
2697 1649 2948 1714 omnino

570 1756 953 1823 urbanitatis
1005 1757 1261 1824 Atticae
1306 1757 1583 1843 aliquem
1631 1764 2030 1844 praesentem
2078 1759 2340 1836 σοφιςήν
2383 1754 2735 1841 appellare,
2787 1755 2952 1840 quod

567 1883 691 1929 non
762 1863 1043 1929 multum
1114 1886 1153 1930 a
1222 1865 1503 1930 convicio
1575 1865 1793 1930 distat.
1859 1863 1938 1928 cf.
2000 1883 2148 1950 pag.
2209 1860 2360 1926 312.
2411 1885 2468 1938 α,
2535 1861 2646 1926 ubi
2709 1859 2952 1926 Socrati

569 1972 839 2036 dicenti:
904 1972 1010 2036 οὑκ
1072 1969 1149 2034 ἂν
1196 1971 1510 2050 αἰσχύνοιο
1558 1971 1643 2042 εἰς
1687 1972 1827 2038 τοὺς
1872 1971 2189 2042 Ἕλληνας
2238 1967 2469 2032 σαυτὸν
2516 1967 2777 2048 σοφιςῆν
2824 1991 2950 2032 πα-

568 2076 790 2158 ρέχων;
842 2077 1263 2162 Hippocrates
1310 2076 1675 2162 respondet:
1729 2078 1795 2151 νὴ
1833 2078 1936 2142 τὸν
1978 2076 2138 2154 Δία,
2187 2074 2356 2155 εἴπερ
2396 2096 2478 2151 γε
2516 2066 2559 2139 ἃ.
2595 2076 2950 2151 διανοοῦμαι

564 2184 687 2263 96Ρῆ
734 2183 964 2260 λέγειν.

655 2285 957 2372 Superest
1020 2292 1215 2354 etiam
1278 2288 1457 2354 aliud
1519 2291 1758 2354 vitium
1819 2291 1887 2354 in
1950 2288 2198 2354 verbis:
2251 2289 2421 2367 παρὰ
2471 2287 2610 2358 τοὺς
2658 2285 2942 2351 τούτΩΝ

564 2392 993 2464 διδασκάλους.
1086 2392 1496 2460 Scribebatur
1554 2395 1659 2462 τοῦ
1722 2401 1786 2461 et
1847 2395 2196 2483 leg-endum
2245 2414 2378 2459 esse
2425 2393 2692 2458 τοὺτΟΤ
2743 2393 2946 2458 διδασ·

563 2497 790 2571 κάλους
836 2498 1157 2565 declarant
1204 2500 1440 2567 ultima
1487 2502 1680 2568 verba
1722 2503 1798 2574 ὥς
1848 2503 1913 2566 οὑ
1961 2501 2245 2566 διδακτοῦ
2294 2499 2478 2573 ὄντος.

651 2714 811 2801 Pag.
865 2712 1018 2781 358.
1072 2737 1140 2779 a:
1194 2716 1514 2795 ὑπερφυῶς
1566 2712 1753 2780 ἐδόκει
1794 2712 2030 2781 ἅπασιν
2071 2714 2268 2789 οὶληθῆ
2308 2710 2464 2777 εἶναι
2505 2712 2590 2777 τὰ
2633 2711 2942 2792 εἰρημένα.

558 2818 773 2897 PlatO,
850 2827 923 2885 ut
986 2819 1182 2895 solet,
1247 2822 1524 2887 dixerat:
1592 2822 1912 2901 ὑπερφυῶς
1981 2822 2169 2887 ἐδόκει
2242 2816 2479 2885 ἅπασιν
2542 2822 2686 2883 ὨΟ
2748 2822 2942 2894 ἀληθῆ

559 2919 753 3003 εἶναι,
812 2932 887 2990 ut
932 2926 1001 2990 in
1046 2926 1360 2993 Phaedone
1404 2948 1552 3015 pag.
1604 2927 1712 2994 66.
1761 2947 1834 2991 a:
1886 2929 2245 3007 ὑπερφυῶς,
2298 2925 2418 3006 ἔφη
2470 2928 2498 2990 ὁ
2549 2925 2820 3003 Σιμίας,
2867 2928 2943 2995 ὡς
3048 2918 3056 2923 ’

558 3032 758 3106 ἀληθῆ
806 3030 1037 3108 λέγεις.
1086 3036 1151 3098 et
1196 3052 1343 3120 pag.
1396 3030 1499 3098 95.
1550 3051 1621 3097 a:
1676 3034 1907 3099 τουτονὶ
1957 3034 2060 3100 τὸν
2108 3034 2292 3111 λόγον
2336 3070 2418 3080 -
2462 3034 2793 3108 θαυμαςῶς
2841 3054 2944 3109 μοι

559 3132 729 3209 εἶπες
777 3138 854 3211 ὥς
904 3138 1077 3219 παρὰ
1127 3136 1332 3215 δόξαν.
1384 3145 1451 3205 et
1496 3140 1640 3206 aliis
1686 3138 1864 3206 locis.

651 3352 810 3440 Pag.
880 3350 1011 3417 358
1074 3352 1147 3415 d:
1214 3351 1401 3417 ἐδόκει
1460 3352 1840 3434 Πρωταγόρᾳ
1901 3353 2014 3429 μὲν
2071 3351 2174 3415 καὶ
2241 3350 2458 3433 Ἱππία
2531 3349 2657 3421 δέος
2719 3373 2790 3415 τε
2838 3350 2940 3415 καὶ

558 3458 757 3540 φόβος
829 3454 982 3523 εἶναι
1043 3464 1387 3541 ΤοτΤο,
1449 3459 1714 3539 Προδίκῳ
1780 3458 1839 3522 δὲ
1901 3458 2057 3529 δέος,
2124 3456 2325 3536 φόβος
2391 3454 2444 3519 δ’
2498 3456 2588 3521 οὔ.
2638 3455 2937 3543 Con-ige:

558 3560 710 3627 εἶναι
783 3572 1082 3628 TATTO
1158 3562 1406 3649 (ταὺτὸ)
1468 3568 1617 3627 idem
1680 3586 1803 3628 ecee
1827 3612 1842 3639 ,
1907 3568 1970 3628 et
2033 3564 2270 3627 inserta
2331 3561 2646 3646 particula
2699 3562 2932 3627 scribe:

559 3668 683 3743 δέος
734 3676 961 3752 ΜΕΝ,
1010 3668 1210 3749 φόβος
1262 3670 1314 3734 δ’
1364 3668 1453 3735 οὔ.

646 3880 807 3967 Pag.
862 3876 991 3943 359
1042 3901 1101 3942 c:
1172 3878 1513 3958 μέμνησαι,
1578 3876 1619 3943 ὦ
1668 3877 2096 3959 Πρωταγόρα,
2145 3883 2357 3943 ταῦτα
2405 3880 2936 3959 ἀποκρινΟμενος;

558 3998 791 4052 tenesne
847 3990 1118 4049 memoria
1182 3993 1238 4050 te
1290 3986 1437 4049 haec
1494 3982 1926 4069 respondlssu‘?
1993 3984 2215 4069 Itaque
2278 3987 2768 4066 οέποκρινΛμενος
2831 4007 2939 4052 ve-

556 4115 702 4161 rum
750 4099 864 4160 est.

648 4305 809 4393 Pag.
860 4303 1013 4371 360.
1062 4326 1126 4369 e:
1174 4308 1505 4383 φιλονικεῖν
1554 4326 1694 4381 μοι,
1748 4302 1868 4382 ἔφη
1885 4352 1902 4382 ,
1953 4303 2184 4388 δοκεῖς,
2231 4300 2273 4369 ὦ
2327 4302 2670 4384 Σώκρατες,
2711 4307 2780 4371 τὸ
2822 4305 2933 4383 ἐμὲ

555 4408 707 4479 εἶναι
756 4412 859 4476 τὸν
904 4409 1387 4492 ἀποκρινόμενον.
1438 4410 1699 4477 Editor:
1753 4410 1938 4492 „orphe
1980 4414 2049 4477 τὸ
2093 4411 2201 4488 ἐμὲ
2243 4412 2613 4477 scribendum
2636 4410 2932 4477 videtur.'’
