3369 5142
631 304 761 372 450
1604 326 2020 383 rnnornmns.

630 494 911 561 ἐκάλουν.
1003 496 1174 585 Ergo
1248 520 1359 585 pro
1422 499 1704 579 ἀφέντων
1767 500 2232 565 restituendum
2301 504 2396 564 est
2457 497 2795 580 ἀφιέντων,
2847 496 3014 584 quod

628 601 985 687 imperfecti
1032 605 1443 689 participium
1494 612 1608 671 est.

720 815 1101 904 Perelegans
1187 816 1583 903 Thucydidis
1654 817 2070 903 brachylogia
2152 817 2489 883 sciolorum
2563 819 3016 885 additamentis

633 923 965 988 obscurata.
1012 931 1105 987 est
1152 922 1265 987 IV.
1321 920 1423 987 38.
1478 926 1541 988 5.
1592 924 1893 987 ἀπέθανον
1938 924 1990 987 δ’
2031 926 2092 988 έν
2133 934 2210 1001 τῇ
2253 924 2406 1004 νήσῳ
2449 924 2552 989 καὶ
2579 924 2794 1004 ζῶντες
2822 928 3014 1006 ἐλήφ-

631 1031 819 1104 θησαν
866 1028 1136 1093 τοσοίδε·
1182 1028 1365 1093 εἴκοσι
1415 1032 1527 1105 μὲν
1576 1031 1830 1093 ὁπλῖται
1880 1030 2172 1107 διέβησαν
2213 1030 2316 1093 καὶ
2357 1032 2732 1110 τετρακόσιοι
2769 1033 2822 1095 οἱ
2859 1030 3014 1095 παν·

630 1158 767 1206 τες·
810 1136 1038 1201 τούτων
1086 1133 1301 1215 ζῶντες
1354 1134 1762 1213 ἐκομίσθησαν
1809 1134 1962 1199 ὀκτὼ
2011 1136 2370 1208 ἀποδέοντες
2419 1138 2782 1215 τριακόσιοι,
2837 1139 2912 1222 [οἱ
2959 1139 3014 1202 δ’

630 1240 811 1305 ἄλλοι
869 1239 1201 1325 ἀπέθανον]
1264 1239 1367 1303 καὶ
1435 1246 1836 1319 Σπαρτιᾶται
1886 1242 2113 1305 τούτων
2158 1240 2314 1315 ἦσαν
2369 1244 2518 1326 [τῶν
2565 1242 2828 1327 ζώντων]
2879 1245 3008 1320 περὶ

630 1346 815 1410 εἴκοσι
888 1346 992 1409 καὶ
1062 1345 1297 1410 ἑκατόν.
1372 1346 1607 1433 Arguit
1672 1346 1958 1411 fraudem
2013 1354 2126 1410 τῶν
2175 1346 2404 1425 ζώντων
2452 1348 2840 1413 alienissimo
2877 1348 3012 1415 loco

627 1454 960 1517 insertum.
1050 1452 1397 1536 Postquam
1443 1452 1673 1517 inutile
1721 1474 1792 1517 ac
1839 1452 2024 1517 futile
2071 1454 2576 1518 additamentum
2625 1456 2674 1517 οἱ
2725 1456 2776 1518 δ’
2825 1452 3005 1519 ἄλλοι

626 1558 925 1621 ἀπέθανον
990 1560 1274 1643 irrepsit,
1338 1579 1603 1641 sequens
1665 1558 1887 1623 τούτων
1959 1560 2034 1624 de
2082 1562 2327 1623 mortuis
2381 1560 2735 1625 dicebatur:
2791 1563 3006 1644 itaque

627 1670 742 1726 τῶν
807 1663 1033 1740 ζώντων
1084 1664 1313 1749 aliquis
1368 1664 1653 1729 inseruit.
1729 1664 1872 1729 Non
1922 1672 2014 1729 est
2062 1664 2215 1729 haec
2261 1665 2398 1730 heri
2453 1671 2564 1729 aut
2609 1666 2843 1729 nudius
2891 1674 3008 1731 ter-

626 1775 756 1835 tius
824 1778 975 1835 nata
1040 1771 1464 1855 interpolatio.
1562 1770 1922 1856 *Dionysius
1991 1770 2564 1836 Halicarnassensis
2633 1792 2757 1835 non
2826 1772 3008 1836 aliter

625 1877 778 1941 haec
824 1878 893 1940 in
940 1897 1053 1941 suo
1102 1875 1265 1941 libro
1312 1875 1477 1940 nihil
1526 1875 1683 1941 mali
1733 1878 2090 1960 suspicatus
2129 1875 2309 1963 legit.

712 2086 1003 2174 Thucyd.
1044 2084 1159 2151 IV.
1204 2084 1313 2150 39.
1352 2084 1413 2150 2.
1455 2087 1481 2150 ὁ
1524 2087 1648 2166 γὰρ
1702 2086 1970 2171 [ἄρχων]
2017 2084 2366 2157 Ἐπιτοέδας
2417 2085 2759 2166 ἕνδεεςέρως
2808 2087 3006 2169 {nais-q.-

624 2202 925 2275 παρεῖχεν
979 2196 1011 2268 ἢ
1064 2194 1205 2272 πρὸς
1256 2195 1367 2264 την
1414 2190 1715 2267 ἐξουσίαν.
1809 2191 2022 2257 Semel
2061 2198 2124 2256 et
2169 2196 2407 2257 iterum
2454 2191 2673 2277 paullo
2720 2200 2865 2259 ante
2914 2194 3007 2259 di-

622 2305 800 2367 xerat
869 2296 961 2363 ὅτι
1034 2300 1061 2361 ὅ
1134 2296 1477 2369 Ἐπιταδας
1554 2296 1761 2376 ἄρχων
1822 2293 1903 2371 ἦν.
2002 2296 2222 2381 Itaque
2283 2318 2449 2361 nunc
2515 2296 2724 2378 ἄρχων
2770 2320 3002 2385 expun-

621 2408 925 2495 gendum.

712 2617 1005 2706 Thucyd.
1070 2615 1183 2684 IV.
1260 2616 1366 2683 40.
1440 2617 1499 2683 2.
1576 2619 1684 2684 καί
1747 2641 1902 2692 τινος
1971 2617 2245 2698 ἐρομένου
2309 2619 2456 2684 ποτὲ
2506 2616 2708 2699 ὅςερον
2756 2657 2842 2668 —-
2892 2625 2999 2684 ΔΓ

620 2725 937 2806 ἀχθηδόνα
986 2722 1092 2789 ἕνα
1141 2731 1257 2789 τῶν
1306 2727 1371 2789 ἐκ
1419 2733 1527 2800 τῆς
1581 2729 1757 2800 νήσου
1796 2728 2223 2806 αἷχμαλώτων
2260 2727 2311 2790 εἰ
2353 2726 2404 2789 οἱ
2447 2727 2766 2797 τεθνεῶτες
2811 2727 2999 2812 (μᾶλ-

620 2831 747 2918 λον)
800 2831 976 2895 καλοὶ
1028 2831 1328 2908 κάγαθοί,
1376 2831 1751 2910 ἀπεκρίνατο
1807 2831 2037 2918 [αὐτῷ]
2089 2838 2319 2896 πολλοῦ
2372 2830 2447 2896 ἂν
2497 2829 2663 2907 ἄξιον
2704 2827 2857 2896 εἶναι
2899 2831 3001 2895 τὸν

620 2939 923 3019 ἄτρακτον
982 2937 1111 3002 κτὲ.
1204 2937 1421 3002 Lectio
1482 2937 1793 3003 librorum
1859 2959 1978 3002 non
2043 2945 2138 3002 est
2196 2941 2447 3025 integra
2493 2937 2602 3003 sed
2648 2937 2817 3004 male
2864 2960 2996 3004 cor·

618 3050 806 3109 recta.
904 3043 1045 3108 Non
1103 3045 1403 3107 existimo
1465 3040 1782 3108 Graecum
1845 3061 1978 3108 esse
2041 3047 2288 3120 μᾶλλον
2353 3045 2543 3117 καλὸς
2607 3045 2883 3120 κάγαθός
2935 3053 2998 3110 et

620 3153 903 3219 desidero
973 3150 1240 3214 verbum
1306 3151 1630 3233 praeteriti
1693 3152 2018 3234 temporis.
2113 3148 2236 3214 Sed
2301 3150 2464 3214 nihil
2529 3151 2696 3234 quod
2755 3151 3000 3216 satisfa-

620 3263 747 3324 ciat
792 3255 1079 3341 reperim

710 3361 1049 3429 Caeterum
1116 3383 1228 3446 pro
1286 3361 1361 3424 δι’
1426 3358 1741 3438 ἀχθηδόνα
1797 3359 2226 3426 Philostratus
2272 3362 2672 3448 Thucydidis
2733 3385 2997 3429 manum

620 3471 815 3534 KAT'
842 3467 1151 3548 οὲχθηδόνα
1176 3466 1489 3531 imitando
1512 3468 1792 3532 servavit
1813 3470 1874 3530 in
1908 3468 2031 3530 vita
2055 3469 2364 3551 Apollonii
2386 3467 2500 3533 IV.
2534 3467 2635 3533 31.
2665 3491 2812 3556 pag.
2846 3471 2995 3537 171.

620 3575 894 3656 ἐρομένου
959 3573 1022 3637 δὲ
1074 3575 1367 3652 Κορινθίου
1416 3573 1573 3643 τινὸς
1624 3575 1769 3636 κατ’
1819 3573 2158 3653 ἀχθηδόνα.
2214 3573 2317 3637 Sic
2363 3573 2524 3638 solet
2569 3573 2998 3643 Philostratus

617 3679 931 3746 hortulos·
973 3699 1120 3743 suos
1165 3679 1441 3745 flosculis
1487 3679 1917 3764 Thucydideis
1965 3699 2278 3744 exornare.
2326 3679 2659 3746 Praeterea
2707 3683 2994 3766 ineptum

618 3791 784 3871 αὐτῷ
834 3785 1281 3852 abiiciendum.

674 3893 781 3959 ,In
825 3915 983 3986 ⁸sqq.
1059 3894 1367 3956 retineam
1438 3912 1510 3958 ea
1574 3909 1734 3977 quae
1795 3889 2181 3956 Herwerden
2227 3892 2582 3978 expellebat
2627 3895 2736 3959 sed
2783 3895 2996 3960 addita

620 4020 747 4066 una
816 3998 1043 4064 vocula
1102 3998 1537 4062 scribendum:
1603 3997 1859 4072 δήλωσιν
1908 3997 2254 4073 ποιούμενος
2305 3995 2392 4062 ἔτι
2444 4000 2470 4062 5
2521 4003 2734 4078 (ἋΕΙ)
2783 4003 2995 4080 ἐντυγ-

622 4105 832 4188 χάνων
900 4113 1021 4174 τοῖς
1076 4127 1145 4166 τε
1209 4102 1388 4172 λίθοις
1437 4104 1540 4167 καὶ
1590 4102 1927 4180 τοξεύμασι
1977 4102 2365 4184 διεφθείρετο.
2461 4103 2616 4184 Quis
2663 4103 2996 4173 Graeculo-

620 4233 766 4278 rum
816 4217 928 4275 aut
974 4206 1471 4274 Scholiastarum
1520 4209 1785 4274 dixisset
1831 4209 2086 4283 δήλωσιν
2137 4212 2486 4288 ποιούμενος
2533 4233 2644 4296 pro
2690 4213 2926 4286 δηλῶνῖ

718 4422 1008 4510 Thucyd.
1071 4421 1186 4486 IV.
1250 4423 1355 4486 41.
1413 4431 1520 4498 τῆς
1586 4422 1792 4489 Πύλου
1855 4425 2146 4503 Φυλακην
2193 4425 2619 4501 κατεςήσαντο
2669 4423 2771 4488 καὶ
2823 4423 2872 4488 οἱ
2923 4423 2988 4488 ἐκ
