3369 5142
621 324 751 395 424
1618 350 1996 412 naumann

616 522 883 607 Scripsit
925 520 1273 589 Menander
1318 522 1598 588 fabulam
1644 522 2179 609 Κωνειαζομένας,
2222 546 2298 590 ex
2340 546 2462 609 qua
2501 523 2717 590 fabula
2754 524 3002 590 laudati

616 648 837 694 versus
897 635 1195 713 poterunt
1256 629 1533 694 desumti
1592 630 1835 709 videri,
1887 632 1996 695 sed
2043 634 2346 695 immanis
2395 629 2751 715 corruptela
2796 634 3000 695 nemi-

616 756 765 800 nem
836 734 1025 821 fugit.
1094 734 1261 814 Quid
1324 735 1495 801 enim
1558 736 1721 801 illud
1769 745 1903 819 est,
1955 758 2102 802 eum
2153 738 2261 822 qui
2309 735 2571 821 pulchre
2619 740 2834 802 vivere
2879 758 3002 802 non

615 842 853 927 possit,
903 862 1025 905 non
1074 840 1243 905 male
1285 838 1533 907 vivere?
1627 840 1865 908 Videor
1912 843 2075 907 mihi
2123 863 2341 908 veram
2389 846 2770 927 scripturam
2819 843 3001 909 inda-

615 950 887 1034 gavisse.
974 946 1351 1025 Menander,
1393 952 1491 1013 uti
1538 950 1759 1013 scribit
1806 946 2062 1025 Strab0,
2111 950 2256 1030 ἱερέα
2301 944 2570 1014 Georum
2617 948 2723 1014 hic
2771 952 2998 1013 memi-

617 1054 711 1118 nit
781 1056 997 1137 itaque
1068 1056 1268 1119 oritur
1337 1056 1610 1140 suspicio
1632 1103 1649 1138 ,
1721 1056 2126 1139 imperativum
2197 1056 2457 1121 modum
2530 1055 2998 1121 restituendum

616 1180 765 1225 esse.
862 1159 1269 1247 Sexagenarii
1339 1181 1515 1225 senes
1595 1161 1764 1246 apud
1826 1158 1986 1226 Ceos
2055 1162 2476 1249 adigebantur
2543 1162 2619 1227 ad
2685 1168 2958 1227 mortem
2977 1183 2994 1240 3

616 1267 765 1352 quid
832 1270 1001 1331 enim
1048 1288 1206 1352 opus
1251 1274 1347 1332 est
1393 1270 1607 1333 vivere
1628 1318 1645 1351 ‚
1696 1270 1746 1331 si
1790 1268 2071 1354 jucunde
2116 1290 2242 1334 non
2287 1270 2490 1353 possis
2537 1270 2787 1335 vivere:
2841 1269 2868 1333 ὅ
2909 1272 2996 1348 μὴ

617 1374 941 1450 δυνάμενος
1003 1374 1109 1455 ζῆν
1172 1380 1372 1446 καλῶς
1438 1371 1758 1438 τεθνάτωε
1811 1374 1929 1439 hoc
1975 1376 2032 1439 si
2077 1374 2424 1463 legeretur,
2470 1376 2636 1439 nihil
2684 1375 2994 1442 desidera-

613 1502 851 1546 remus.
916 1480 1006 1545 At
1052 1485 1334 1545 metrum
1381 1487 1716 1567 repugnat.
1782 1479 2024 1560 Quaere
2071 1482 2274 1568 igitur
2322 1483 2388 1545 in
2437 1481 2702 1545 eandem
2751 1489 2994 1547 senten-

619 1590 777 1651 tiam
828 1587 1127 1663 verbum,
1176 1586 1342 1670 quod
1388 1586 1561 1651 idem
1598 1585 1914 1673 significet
1951 1587 2118 1671 quod
2156 1586 2466 1655 τεθνάτω.
2514 1586 2742 1653 Jamne
2767 1585 2996 1655 vides?

622 1692 784 1757 Ecce
832 1694 1063 1757 emicat
1111 1714 1261 1758 vera
1300 1692 1524 1757 lee'tio:

1158 1801 1184 1862 ὃ
1235 1801 1321 1875 μη
1370 1796 1698 1876 δυνάμενος
1747 1798 1851 1879 ζῆν
1898 1806 2103 1873 καλῶς
2151 1798 2450 1880 ἐζηκοὶτω.

612 1906 797 1971 Nihil
856 1908 1119 1971 interest
1173 1908 1337 1971 inter
1382 1902 1679 1969 τεθνάναι
1730 1914 1794 1995 et
1843 1903 2153 1991 ἐζηκέναι,
2201 1910 2327 1972 nisi
2371 1907 2539 1991 quod
2584 1906 2750 1971 illud
2797 1910 2994 1972 usita-

614 2014 741 2075 tius
781 2018 893 2075 est.
945 2010 1263 2078 Ciceronis
1308 2011 1471 2076 illud
1518 2018 1794 2075 via-erunt
1835 2010 2072 2077 Graece
2112 2013 2450 2078 dicendum
2495 2020 2591 2077 est
2614 2022 2984 2078 ΕΖΗΚΛΣΙ

614 2124 679 2183 et
728 2118 959 2203 duplex
1012 2118 1342 2183 Plutarchi
1391 2138 1560 2183 error
1606 2124 1736 2192 est,
1786 2118 1954 2203 apud
2003 2140 2193 2203 quem
2241 2117 2462 2197 ἔζησαν
2510 2119 2769 2205 legitur.

705 2329 849 2393 Non
894 2329 1356 2416 elegantissimi
1404 2348 1622 2394 versus
1668 2333 1819 2392 sunt
1865 2350 1926 2414 p.
1981 2326 2145 2393 268:

951 2438 1039 2513 μὴ
1087 2434 1307 2514 mio-xe
1357 2436 1583 2513 πρῶτον
1631 2436 1731 2499 τὸν
1780 2434 1956 2509 νόμον
2006 2434 2110 2499 καὶ
2161 2432 2484 2512 μάνθανε,

864 2619 875 2632 .
951 2543 1061 2623 πρὸ
1110 2546 1215 2606 τοῦ
1259 2539 1490 2608 παθεῖν
1537 2565 1606 2606 σε
1651 2544 1735 2623 τῷ
1783 2540 1966 2623 Φόβῳ
2017 2540 2644 2622 προλαμβανου.

614 2651 723 2715 sed
790 2649 1149 2715 tolerabiles
1191 2654 1427 2725 erunt,
1486 2651 1541 2712 si
1588 2646 2124 2728 προμάνθανε
2173 2652 2514 2734 scripseris.
2567 2647 2722 2714 Plus
2776 2657 2990 2714 autem

613 2757 893 2841 proderit
940 2759 1153 2821 nostra
1198 2777 1335 2832 ars,
1386 2759 1486 2818 uti
1532 2775 1730 2840 spero,
1781 2754 2129 2821 Menandro
2177 2777 2237 2840 p.
2285 2753 2440 2822 276.
2488 2754 2729 2820 Scribit
2766 2755 2992 2820 Eusta-

611 2863 785 2926 thius
834 2862 912 2927 ad
958 2862 1312 2926 Homerum
1360 2883 1423 2946 p.
1476 2861 1678 2927 1833:
1733 2861 1834 2924 τὸν
1884 2863 2134 2942 πτωχὸν
2185 2863 2401 2934 ciceiam
2453 2864 2632 2943 νεκρῷ
2673 2861 2918 2927 εἴκασεν
2963 2863 2989 2926 ὁ

612 2968 955 3048 Μένανδρος
1008 2969 1191 3033 εἰπών

975 3072 1293 3153 ἄνθρωπε,
1346 3074 1551 3153 πέρυσι
1603 3075 1856 3155 πτωχὸς
1909 3069 2077 3148 ἦσθα
2126 3075 2232 3140 καὶ
2283 3073 2578 3154 νεκρός,

978 3181 1095 3244 νυν)
1149 3181 1209 3245 δὲ
1259 3189 1567 3253 πλουτεῖς.

606 3287 649 3354 J
651 3288 937 3354 acobsius
1005 3289 1073 3351 in
1142 3286 1360 3372 Suppl.
1426 3287 1580 3351 Add.
1652 3287 1830 3352 affert
1891 3287 2326 3374 Hesychiuu1‚
2388 3288 2555 3374 apud
2631 3309 2820 3373 quem
2895 3290 2985 3352 ita

605 3395 918 3481 legimus:
969 3393 1260 3472 κρίνον·
1305 3393 1373 3457 τὸ
1413 3391 1618 3471 ξηρόν·
1660 3393 1970 3458 τάσσεται
2017 3395 2119 3459 καὶ
2171 3395 2270 3458 ἐπὶ
2321 3399 2576 3475 πτωχοῦ
2627 3395 2729 3457 καὶ
2780 3399 2982 3472 νεκροῦ

606 3501 708 3566 καὶ
775 3497 1261 3570 ἐκπεπτωκότας.
1360 3496 1671 3563 Convenit
1730 3497 1984 3564 Pollux.
2048 3499 2156 3564 VI.
2221 3499 2382 3566 197:
2438 3500 2584 3586 1ἔνιοι
2634 3500 2694 3565 δὲ
2743 3500 2982 3574 πένητα

604 3610 707 3668 τὸν
770 3609 1021 3685 πτωχὸν
1087 3606 1188 3668 καὶ
1245 3605 1569 3684 πτωχείαν
1618 3607 1726 3679 τὴν
1777 3607 2010 3669 πενίαν.
2059 3607 2110 3670 οἱ
2158 3606 2220 3669 δὲ
2267 3607 2369 3670 τὸν
2419 3603 2572 3670 οὕτω
2623 3608 2980 3686 πράττοντα

606 3712 710 3775 καὶ
779 3713 1011 3790 γυμνὸν
1081 3711 1184 3776 καὶ
1259 3711 1524 3790 κρίνον
1586 3709 1913 3792 ὠνόμαζον.
2003 3711 2190 3795 Apud
2257 3711 2710 3798 Alciphronem
2782 3716 2840 3779 1.
2895 3714 2978 3779 21

603 3821 951 3883 rectissime
1018 3817 1219 3882 edidit
1289 3817 1680 3883 Meinekius:
1764 3817 1968 3891 ἐπειδὴ
2034 3821 2298 3896 κρίνον
2365 3822 2530 3900 αὐτῷ
2599 3822 2625 3884 ὃ
2677 3824 2980 3898 γεννήσας

602 3925 878 4003 ἐγένετο,
941 3922 1061 3986 h.e.
1126 3933 1462 4006 postquam
1511 3927 1571 3994 ἐς
1620 3923 1887 4003 κόρακας
1937 3923 2195 3997 ἀπῆλθε
2244 3931 2307 3990 et
2352 3927 2748 3990 morboniam
2795 3926 2984 3991 abiit.

602 4029 910 4097 Convenit
962 4027 1273 4093 Zenobius
1333 4027 1499 4092 318:
1552 4029 1725 4102 ἤτοι
1778 4030 2038 4106 κρίνον
2089 4033 2122 4105 ἢ
2168 4030 2704 4106 κολοκύντην·
2754 4033 2981 4107 τὸτῆς

601 4136 961 4210 κολοκύντης
1012 4131 1195 4204 ἄνθος
1246 4143 1537 4199 καλεῖται
1586 4136 1794 4211 κρίνον.
1846 4133 2068 4210 ἄδηλον
2131 4139 2193 4202 δὲ
2242 4139 2290 4201 εἶ
2318 4136 2462 4202 οἴσει
2501 4139 2749 4218 καρπόν.
2795 4135 2978 4204 ἔτατ-

599 4266 699 4307 τον
762 4239 859 4306 οὖν
919 4241 985 4307 τὸ
1041 4242 1153 4319 μὲν
1202 4244 1387 4319 κρίνον
1433 4241 1483 4305 οἱ
1536 4241 1796 4305 παλαιοὶ
1849 4242 1947 4304 ἐπὶ
1999 4247 2105 4306 τοῦ
2155 4240 2555 4320 τεθνηκότος,
2606 4245 2714 4318 τὴν
2766 4244 2828 4309 δὲ
2877 4269 2979 4309 κο-

598 4348 891 4423 λοκύντην
940 4349 1038 4411 ἐπὶ
1089 4353 1193 4410 τοῦ
1244 4347 1469 4423 ὑγιοῦς.
1522 4347 1856 4425 Μέμνηται
1905 4347 2140 4423 ταύτης
2194 4348 2461 4430 Δίφιλος
2508 4350 2744 4428 λέγων·

1050 4455 1107 4518 ἐν
1156 4453 1471 4533 ἧμέραισιν
1518 4454 1701 4519 αὐτὸν
1753 4455 1916 4519 ἑπτα
1965 4478 2085 4532 σοι,
2132 4455 2340 4533 γέρον,
