3369 5142
1378 338 1758 398 comcomm.
2553 296 2562 305 ’
2631 320 2755 392 431

736 522 901 588 Ἴσον
950 522 1007 587 δ’
1058 524 1400 603 Ἑρμιονεὺς
1448 522 1586 586 ποσὶ
1641 520 2108 602 ’κραιπαλίμοισι
2156 520 2494 596 μετασπὼν

756 630 929 710 ψύας
978 628 1170 710 ἔγχεΐ
1214 628 1369 707 νύξε.

381 732 627 799 Verum
651 783 666 813 ,
734 738 1017 822 inquies,
1089 738 1501 822 quantumvis
1566 735 1748 800 docte
1811 734 1962 799 haec
2028 734 2351 817 disputata
2396 733 2556 805 sint,
2607 731 2761 816 quid

384 841 661 925 undique
723 862 967 907 corrasa
1012 849 1075 907 et
1119 845 1570 927 intempestiva
1616 842 1899 905 doctrina
1947 839 2025 904 ad
2073 838 2474 924 Euphronem
2495 886 2510 915 ‚
2559 858 2759 922 quum

384 948 789 1035 Phrynichus
852 951 1082 1015 diserte
1138 948 1390 1026 doceat,
1453 946 1615 1028 ψόας
1665 968 1896 1012 nomen
1944 948 2022 1011 ab
2070 946 2304 1011 Atticis
2350 946 2759 1030 scriptoribus

383 1075 504 1121 non
574 1054 913 1141 usurpari?
981 1056 1151 1121 Bene
1214 1056 1454 1121 factum
1521 1055 1683 1139 quod
1743 1057 1808 1118 in
1873 1054 2272 1139 paucissimis
2328 1054 2506 1115 huius
2567 1051 2758 1134 ipsius

384 1160 740 1248 Euphronis
780 1162 1155 1249 fragmentis
1194 1182 1354 1247 quae
1388 1167 1749 1246 supersunt,
1796 1159 1956 1225 illud
2009 1162 2201 1224 etiam
2250 1159 2591 1237 habemus,
2639 1176 2762 1241 quo

382 1288 482 1331 res
526 1269 650 1333 nisi
702 1268 889 1333 fallor
934 1267 1289 1334 conficitur:

928 1375 1112 1453 λοβός
1162 1376 1256 1446 τίς
1304 1377 1395 1442 ἐςι
1442 1375 1545 1438 καὶ
1596 1372 1791 1454 ψόαι
1844 1373 2245 1450 καλούμεναι.

388 1480 601 1565 Atque
646 1481 869 1546 eodem
916 1482 1105 1547 modo
1149 1482 1243 1546 ibi
1288 1500 1536 1565 quoque
1582 1481 1892 1544 scribam:

836 1588 1041 1657 καθεὶς
1091 1588 1259 1652 κάτω
1310 1589 1419 1661 τὴν
1463 1595 1652 1668 χεῖρα
1705 1588 1814 1661 τὴν
1861 1584 2066 1665 ψόαν
2115 1588 2388 1665 λαβών

838 1694 1085 1772 ἔρριψας
1134 1695 1215 1766 εἷς
1265 1692 1369 1758 τὸν
1414 1692 1643 1757 λάκκον
1690 1694 1928 1770 ἰταμῶς
1973 1692 2078 1758 τὸν
2123 1693 2355 1774 νεφρόν.

390 1800 525 1863 Aut
572 1800 691 1864 hoc
739 1806 986 1866 certum
1036 1806 1164 1877 θεῖ,
1213 1805 1325 1866 aut
1370 1799 1532 1864 nihil
1578 1802 1643 1863 in
1695 1820 1762 1865 re
1809 1801 2029 1865 critica
2077 1802 2236 1864 satis
2284 1804 2527 1864 certum
2577 1804 2690 1865 est.

479 2009 782 2076 Eiusdem
832 2010 1191 2097 Euphronis
1237 2010 1403 2095 quod
1446 2010 1688 2098 legitur
1735 2032 1800 2098 p.
1856 2009 1987 2076 492
2035 2010 2207 2077 mm

752 2115 859 2180 ἴτω
908 2118 1050 2199 πρὸς
1103 2120 1269 2193 ἡμᾶς
1319 2118 1422 2181 καὶ
1473 2118 1632 2197 τάχ’
1684 2118 1846 2181 οὐδὲν
1893 2117 2228 2195 μεταλοὲ
2246 2118 2296 2195 β
2313 2142 2399 2183 οι.

391 2226 675 2308 requiro:
724 2224 887 2289 οὐδὲν
934 2224 1024 2290 ἂν
1072 2224 1345 2302 λάβοι.
1394 2222 1774 2309 Posidippus
1817 2227 1922 2291 vix
1963 2225 2232 2290 scribere
2255 2228 2466 2310 potuit
2505 2247 2567 2311 p.
2599 2224 2759 2292 519:

820 2328 969 2397 οὕτω
1020 2356 1077 2396 τι
1128 2332 1544 2397 πολύπουν
1592 2332 1718 2400 {clv
1772 2334 1805 2406 ἡ
1855 2332 2022 2406 λύπη
2073 2331 2298 2409 κακόν,
2411 2362 2424 2370 ·

391 2457 503 2522 pro
550 2436 943 2502 ποικίλον.
1010 2436 1255 2503 Deinde
1303 2437 1477 2502 affert
1523 2436 1889 2502 Meinekius
1937 2460 1970 2503 e
2017 2443 2192 2503 sexto
2239 2438 2516 2504 Bekkeri
2559 2439 2762 2506 lexico

392 2565 453 2629 p.
521 2541 672 2609 462.
746 2544 866 2610 25:
954 2544 1215 2625 λέγεται
1286 2545 1349 2610 δὲ
1417 2542 1750 2613 αὐθέκαςα
1824 2545 1928 2609 καὶ
2001 2545 2087 2610 τοὶ
2156 2545 2589 2624 αὐτόματα
2659 2551 2764 2614 καὶ

394 2654 653 2729 σκληροὶ.
714 2651 1059 2732 Μένανδρός
1124 2661 1313 2731 Φησι·
1383 2657 1592 2733 πικροῦ
1657 2651 1931 2731 γέροντος
1981 2648 2338 2719 amends-ou
2387 2653 2488 2717 τὸν
2529 2653 2767 2733 τρόπον.

395 2758 569 2823 Ferri
642 2778 764 2823 non
834 2765 1041 2843 potest
1113 2757 1454 2835 αὐτόματα
1524 2765 1588 2822 θῖ
1648 2777 1773 2822 non
1837 2756 2069 2821 sufficit
2130 2757 2296 2843 quod
2344 2757 2562 2823 infelix
2611 2759 2765 2826 hora

395 2863 721 2930 Meinekio
786 2865 1219 2950 suppeditavit
1282 2864 1598 2941 αὐτόνομα
1660 2863 1759 2929 ve]
1833 2865 2287 2941 αὐτογνώμονας.
2386 2864 2502 2929 Uti
2561 2866 2770 2932 multa

395 2969 521 3035 alia
567 2973 631 3034 in
680 2972 799 3036 hoc
843 2971 1121 3037 Bekkeri
1165 2972 1405 3056 lexico,
1452 2972 1606 3036 haec
1654 2991 1900 3054 quoque
1945 2969 2266 3035 adnotatio
2315 2992 2348 3035 e
2401 2969 2766 3058 Phrynicho

395 3076 619 3158 fluxit,
690 3099 873 3164 quem
942 3079 1087 3144 vide
1148 3078 1320 3144 idem
1385 3079 1513 3143 fere
1568 3079 2060 3162 praecipientem
2125 3099 2186 3163 p.
2240 3075 2340 3142 1¹7.
2395 3075 2502 3140 24.
2573 3078 2767 3144 Estne

396 3195 610 3249 autem
661 3185 1044 3271 adjectivum
1099 3186 1263 3270 quod
1313 3191 1566 3264 σκληρὸν
1615 3181 1935 3270 significat
1980 3189 2043 3247 et
2083 3182 2269 3247 facile
2303 3186 2370 3247 in
2409 3184 2766 3260 αὐτόματον

394 3295 607 3376 potuit
678 3290 1051 3378 depravari?
1121 3293 1272 3370 Est,
1347 3295 1598 3377 opinor:
1664 3291 1927 3367 λέγεται
1992 3288 2054 3352 δὲ
2117 3287 2452 3358 αὐθέκαςα
2511 3292 2615 3355 κα)
2680 3293 2764 3357 τοὶ

392 3397 828 3478 ἀτέραμνα
877 3399 981 3464 καὶ
1031 3397 1289 3478 σκληροὶ.
1361 3396 1559 3462 Docte
1610 3397 1686 3462 de
1731 3395 1850 3461 hoc
1895 3395 2205 3478 adjectivo
2251 3398 2466 3462 omnia
2511 3417 2770 3485 conges-

396 3507 483 3570 sit
528 3505 895 3572 Ruhnkenii
944 3507 1283 3595 diligentia
1330 3505 1403 3570 ad
1446 3503 1784 3568 Timaeum
1821 3523 1886 3586 p.
1916 3502 2043 3566 156
2085 3502 2342 3586 ipseque
2363 3501 2770 3590 Phrynichus

397 3611 517 3677 hoc
564 3613 947 3698 adjectivum
996 3617 1449 3698 interpretatus
1491 3611 1700 3674 fuerat
1743 3629 1933 3694 supra
1974 3629 2038 3694 p.
2086 3606 2148 3672 8.
2207 3606 2315 3672 16.

492 3823 819 3889 Parasitus
889 3826 1148 3909 quidam
1220 3825 1385 3910 apud
1450 3821 1775 3888 Critonem
1835 3843 1898 3907 p.
1949 3818 2079 3886 538
2135 3821 2203 3886 in
2247 3819 2526 3887 insulam
2571 3819 2776 3886 Delon

401 3929 854 4017 proficiscitur,
925 3953 1071 3996 nam
1136 3932 1414 3997 creditur
1476 3931 1631 3995 haec
1693 3933 1859 3994 terra
1924 3930 2047 3993 tria
2106 3927 2335 3994 habere
2381 3930 2542 3994 bona
2587 3927 2776 4015 plane

400 4039 782 4126 singularia:

675 4143 893 4224 εὔοψον
942 4142 1212 4224 ἀγοράν,
1265 4141 1795 4207 παντοδαπὸν
1844 4141 2182 4206 οἰκοῦντ’
2228 4140 2454 4222 ὄχλον,

674 4253 896 4316 αὐτοὺς
949 4252 1322 4329 παρασίτους
1370 4256 1473 4313 τοῦ
1523 4253 1652 4313 θεοῦ
1702 4249 1841 4320 τοὺς
1889 4249 2174 4322 Δηλίους.

406 4357 547 4424 Non
594 4365 687 4424 est
731 4360 886 4424 haec
931 4358 1123 4424 lectio
1162 4355 1389 4423 Veneti
1427 4355 1677 4421 Codicis
1717 4357 1785 4420 in
1828 4376 1949 4440 quo
1972 4355 2328 4421 invenitur:
2368 4355 2777 4418 παντοδαπᾶν

406 4468 673 4530 ocantur·
722 4464 927 4545 ὄχλον.
1025 4461 1299 4530 Coniicit
1350 4463 1749 4528 Meinekius:
1799 4463 2160 4526 πλουτοῦντ·
2204 4460 2429 4546 ὄχλον,
2478 4460 2644 4546 quod
2694 4464 2783 4528 rei
