3369 5142
605 233 737 300 338
1682 253 1912 304 ειμι-πο.

594 425 703 504 μή.
767 424 1187 492 Manifestum
1236 430 1333 492 est
1386 425 1736 492 seeundum
1787 428 1837 491 εἰ
1887 429 2099 512 inepte
2147 425 2467 492 abundare
2516 428 2580 490 et
2626 423 2752 490 loci
2801 443 2976 492 eom-

600 534 983 618 positionem
1030 553 1453 619 eorrumpere.

690 746 846 834 Pag.
902 744 1051 812 325.
1100 768 1164 822 e:
1212 747 1554 827 χρημάτων
1601 771 1671 810 τε
1721 743 2046 822 δημεύσεις
2094 745 2200 810 καὶ
2247 747 2324 818 ὥς
2373 742 2513 818 ἔπος
2558 746 2750 810 εἰπεῖν
2799 744 2978 832 [ξυλ-

603 851 867 938 λῆβδην]
919 859 1035 918 τῶν
1081 852 1253 918 οἴκων
1300 853 1667 933 ἀνατροπαί.
1718 852 2091 940 Hirsohigio
2141 853 2652 938 obtemperatum
2701 855 2980 938 oportuit

600 959 955 1038 ξυλλῆβδην
1004 959 1261 1026 delenti.
1312 958 1494 1026 Idem
1541 965 1635 1025 est
1681 959 2038 1038 ξυλλήβδην
2085 965 2148 1026 et
2199 963 2272 1032 ὡς
2315 957 2456 1032 ἔπος
2503 961 2713 1024 εἰπεῖν.
2765 959 2985 1044 Itaque

602 1087 805 1152 quum
852 1066 1050 1133 semel
1088 1072 1153 1132 et
1190 1068 1422 1132 iterum
1482 1063 1840 1146 ξυλληβδην
1903 1068 2166 1133 dixisset
2227 1087 2393 1132 nune
2452 1067 2788 1134 variandae
2847 1086 2982 1134 ora-

602 1174 795 1239 tionis
840 1176 1051 1262 gratia
1096 1173 1172 1246 ὡς
1222 1171 1363 1245 ἔπος
1414 1174 1605 1239 εἰπεῖν
1652 1174 1834 1240 dixit.

694 1387 853 1474 Pag.
920 1386 1071 1452 325.
1121 1411 1182 1452 οε
1247 1387 1379 1468 περὶ
1446 1386 1659 1453 τούτου
1724 1386 2148 1470 διαμάχονται
2209 1385 2370 1459 ὅπως
2417 1386 2708 1464 βέλτιςος
2757 1383 2894 1454 ἔςαι
2945 1384 2972 1448 ὅ

603 1502 777 1565 ταῖς.
826 1492 1167 1559 Tralatieio
1214 1513 1419 1559 errore
1466 1495 1555 1560 sie
1600 1494 1902 1560 scribitur
1949 1515 2060 1580 pro
2109 1487 2266 1565 ὅπως
2316 1497 2454 1560 ‘stc
2505 1493 2795 1574 βέλτιςος
2839 1490 2975 1560 ἔται

608 1599 637 1665 ὅ
684 1607 857 1674 παῖς.

691 1810 855 1898 'Paga
923 1807 1074 1875 326.
1124 1832 1195 1876 a:
1262 1810 1511 1876 ἐπειδὰν
1575 1807 1894 1892 κιθαρίζειν
1958 1811 2228 1888 μάθωσιν
2292 1807 2499 1877 ἄλλων
2571 1806 2651 1875 αὖ
2724 1816 2981 1886 ποιητῶν

606 1919 853 1995 ἀγαθῶν
919 1917 1243 1995 ποιήματα
1306 1917 1654 1983 διδάσκουσι
1715 1920 2132 2004 [μελοποιῶν].
2183 1917 2267 1982 Et
2313 1939 2567 2003 prorsus
2613 1937 2980 2004 supervaca-

606 2047 799 2091 neum
843 2030 937 2091 est
979 2029 1317 2100 μελοποιῶν
1358 2031 1423 2090 et
1462 2027 1677 2090 minus
1717 2023 2050 2090 commoda
2087 2023 2232 2090 sede
2273 2023 2670 2091 collocatum.
2723 2023 2982 2110 Irrepsit

605 2153 683 2197 ex
729 2133 1020 2219 margine
1066 2138 1425 2210 μελοποιῶν.

695 2345 849 2427 Pag.
900 2343 1053 2412 326.
1103 2368 1166 2411 οε
1217 2344 1321 2409 καὶ
1369 2348 1579 2410 ταῦτα
1628 2348 1894 2410 ποιοῦσιν
1941 2346 1993 2410 οἱ
2043 2342 2291 2420 μάλιςα
2343 2343 2681 2423 δυνάμενοι.
2731 2342 2978 2422 μάλιςα

606 2449 667 2515 δὲ
733 2451 1023 2517 δύνανται
1085 2453 1137 2516 οἱ
1185 2452 1653 2517 πλουσιώτατοι.
1704 2451 2024 2516 Heindorf
2059 2451 2253 2537 (quod
2299 2453 2618 2517 rarissime
2667 2453 2846 2536 facit)
2888 2450 2982 2515 10-

602 2580 753 2623 eum
815 2561 1143 2647 integrum
1201 2559 1423 2625 inutili
1486 2561 1843 2625 coniectura
1902 2560 2176 2626 tentavit
2235 2557 2466 2625 addens
2528 2557 2776 2637 μάλιςα
2838 2562 2981 2644 post

604 2666 945 2745 δυνάμενοι.
997 2668 1077 2732 Οἱ
1125 2665 1376 2743 μάλιςα
1425 2666 1742 2745 δυνάμενοι
1793 2674 1942 2730 sunt
1988 2666 2038 2730 οἱ
2084 2665 2335 2743 μάλιςα
2389 2662 2496 2731 οἶοί
2542 2691 2611 2731 τε
2655 2664 2843 2752 ὄντες,
2892 2659 2976 2739 οἷς

601 2772 849 2854 μάλιςα
915 2773 1167 2840 δυνατὸν
1228 2775 1393 2839 τοῦτ’
1444 2774 1568 2843 ε’ςΙν
1590 2823 1605 2850 ,
1657 2773 1868 2859 quibus
1912 2779 1998 2837 est
2044 2774 2220 2837 huius
2267 2773 2360 2838 rei
2405 2778 2660 2837 maxima
2707 2774 2873 2858 copia
2921 2780 2976 2837 et

606 2883 871 2947 facultas
888 2930 903 2959 ,
950 2883 1156 2969 igitur
1204 2880 1659 2965 locupletissimi.

695 2988 819 3068 Qui
881 2989 1149 3053 coniecit
1193 2987 1294 3052 bis
1341 2985 1578 3063 μέγιςα
1624 3006 1738 3071 pro
1785 2982 2032 3063 μάλιςα
2083 3006 2286 3071 neque
2331 2986 2711 3051 sententiam
2757 2984 2978 3051 verbo·

602 3116 749 3161 rum
811 3093 1129 3160 intellexit
1190 3098 1254 3158 et
1298 3113 1424 3158 non
1471 3094 1772 3158 meminit
1819 3096 2050 3158 Graece
2097 3092 2223 3157 dici
2270 3093 2589 3170 μέγιςΟΝ
2640 3092 2974 3169 δύνασθαι,

601 3212 678 3267 ut
718 3200 911 3281 μέγΛ
958 3200 1286 3283 δύνασθαι,
1334 3220 1459 3265 non
1507 3197 1776 3278 μεγάλα
1823 3204 1936 3264 aut
1981 3199 2246 3277 μέγιςα.

691 3414 849 3502 Pag.
915 3410 1069 3477 326.
1116 3433 1181 3476 c:
1244 3408 1292 3477 οἱ
1358 3411 1583 3477 τούτων
1642 3410 1764 3483 ὑεῖς
1813 3411 2184 3491 πρῳαίτατα
2235 3411 2348 3496 [εἷς
2397 3408 2810 3495 διδασκάλων]
2861 3418 2971 3485 τῆς

603 3520 843 3597 ἡλικίας
926 3516 1253 3598 ἀρξάμενοι
1316 3521 1579 3599 φοιτᾶν,
1639 3517 1992 3600 ὅψιαΙτατα
2053 3516 2599 3583 ἀπαλλάττονται.
2673 3517 2975 3605 Disiungi

598 3648 725 3693 non
786 3631 1049 3712 possunt
1112 3626 1481 3705 πρῳαίτατα
1541 3632 1652 3698 τῆς
1721 3622 1965 3700 ἡλικίας
2025 3628 2089 3687 et
2135 3622 2426 3688 additum
2471 3624 2538 3688 ἐκ
2582 3622 2970 3689 διδασκάλων

598 3734 678 3800 ob
724 3752 988 3818 sequens
1034 3735 1258 3814 φοιτᾶν
1307 3732 1493 3817 plane
1543 3733 1816 3796 otiosum
1866 3736 1930 3795 et
1977 3748 2444 3813 supervacuum
2494 3735 2609 3796 est.

689 3840 847 3904 Post
901 3858 1103 3925 pauca
1163 3859 1275 3924 pro
1336 3836 1585 3902 ἐπειδάν
1645 3836 1768 3920 [ἐκ]
1821 3835 2204 3899 διδασκάλων
2253 3836 2714 3913 ἀπαλλαγῶσιν
2763 3836 2970 3902 deleta

596 3948 960 4031 importuna
1018 3945 1479 4031 praepositione
1538 3939 1978 4006 scribendum:
2031 3942 2276 4007 ἐπειδὰν
2327 3940 2713 4009 διδασκάλων
2762 3947 2972 4008 ἀπαλ-

596 4058 906 4137 λαγῶσιν,
976 4057 1050 4117 ut
1118 4054 1185 4115 in
1260 4050 1484 4129 Gor-qia
1553 4068 1702 4134 pag.
1776 4046 1930 4115 514.
1984 4074 2041 4113 e:
2117 4049 2322 4123 ἐπειδὴ
2394 4056 2510 4114 τῶν
2578 4048 2967 4115 διδασκάλων

596 4158 1093 4237 ἀπηλλάγημεν.

685 4373 843 4459 Pag.
895 4368 1043 4437 327.
1095 4391 1153 4433 c:
1204 4366 1345 4448 πρὸς
1395 4365 1533 4439 τοὺς
1582 4368 1825 4439 ἰδιώτας
1873 4368 1976 4434 καὶ
2025 4370 2212 4448 μηδὲν
2250 4370 2560 4443 αὐλήσεως
2612 4371 2962 4451 ε’παΐοντας,
