3369 5142
1411 309 1800 362 comaclum.
2710 291 2797 360 2¹7

822 483 1189 565 Συρακόσιος
1241 482 1297 546 δ’
1350 483 1566 572 ἔοικεν,
1617 485 1771 558 ἡνίκ’
1822 482 1897 548 ἂν
1944 483 2138 564 λέγῃ,

819 599 945 661 τοῖς
992 589 1260 655 κυνιδί
1275 614 1430 655 οισι
1480 598 1669 655 τοῖσιν
1722 591 1823 654 ἐπὶ
1871 594 1988 654 τῶν
2036 588 2315 668 τειχέων.

408 693 666 760 Veteres
727 696 1146 772 deminutivis
1206 697 1571 762 nominibus
1617 696 1903 761 multum
1950 695 2295 761 utebantur
2340 700 2405 760 et
2454 694 2795 761 abuteban-

409 808 517 867 tur
537 851 554 880 ,
606 802 774 887 quod
818 802 1192 868 Aristoteles
1235 805 1486 870 notavit
1531 802 1792 868 Rhetor.
1844 801 1907 866 3.
1956 801 2015 866 2.
2077 801 2177 866 15.

500 1011 574 1078 In
621 1012 868 1081 Cratini
914 1013 1228 1081 versiculo
1275 1014 1442 1099 apud
1491 1014 1896 1079 Athenaeum
1944 1013 2059 1080 lx.
2111 1034 2169 1098 p.
2226 1011 2359 1078 374
2404 1013 2501 1080 D:

501 1115 698 1199 ὥσπερ
745 1119 773 1184 ὅ
821 1119 1106 1200 Περσικὸς
1157 1117 1311 1198 ὤραν
1357 1122 1572 1184 πᾶσαν
1619 1125 1915 1201 καναχῶν
1964 1118 2372 1202 ὁλόφωνος
2422 1119 2731 1200 ἀλέκτωρ,

411 1244 599 1291 nemo
660 1225 988 1310 hucusque
1038 1225 1352 1311 explicare
1399 1227 1611 1310 potuit
1657 1225 1811 1309 quid
1862 1230 2025 1291 esset
2069 1224 2395 1306 ὁλόφωνος.
2488 1225 2797 1292 Recenset

410 1328 772 1396 Meinekius
831 1333 1116 1398 virorum
1179 1330 1509 1396 doctorum
1574 1332 1899 1416 opiniones
1917 1380 1936 1413 ,
2000 1331 2111 1396 sed
2169 1331 2337 1396 nihil
2402 1331 2582 1397 affert
2628 1331 2798 1418 quod

413 1435 548 1504 ullo
607 1435 797 1501 modo
859 1437 1220 1502 satisfacere
1282 1439 1512 1522 potest.
1605 1435 1921 1520 Equidem
1985 1438 2052 1501 in
2098 1435 2261 1524 galli
2306 1435 2647 1524 gallinacei
2694 1437 2799 1502 de-

409 1545 753 1628 scriptione
797 1563 984 1630 aegre
1033 1542 1316 1608 desidero
1355 1541 1582 1608 cristae
1619 1543 2013 1608 mentionem
2029 1561 2047 1620 3
2088 1545 2199 1617 τὴν
2237 1540 2511 1622 λόφωσιν
2549 1544 2659 1617 τὴν
2682 1549 2799 1607 τῶν

410 1647 615 1730 ὀρνέων
669 1653 838 1714 certe
882 1669 1006 1714 non
1052 1649 1271 1714 omisit
1317 1648 1771 1733 Aristophanes
1814 1650 1883 1713 in
1931 1649 2178 1714 Avibus
2231 1669 2325 1715 vs.
2374 1646 2529 1714 291.
2628 1647 2799 1729 Quid

413 1756 469 1818 si
518 1751 815 1821 Cratinus
860 1757 1114 1841 scripsit
1157 1751 1709 1836 λοφόφοινοςῗ

504 1963 794 2031 Mettum
855 1966 1054 2031 miror
1099 1985 1222 2050 quo
1269 1949 1568 2030 Cratinus
1610 1983 1766 2028 usus
1812 1963 2067 2030 videtur
2116 1964 2286 2050 apud
2335 1965 2569 2032 Athen.
2618 1963 2799 2031 XIII.

415 2091 478 2157 p.
530 2069 683 2136 566.
731 2070 818 2136 F:

736 2176 918 2242 ταυτὶ
968 2177 1074 2242 καὶ
1125 2184 1372 2260 τολμᾷς
1421 2176 1497 2241 σὺ
1545 2175 1754 2254 λέγειν
1800 2175 2234 2258 ῥοδοδάκτυλος
2285 2173 2477 2256 οὖα-ας

413 2304 566 2350 nam
637 2285 891 2349 etiamsi
957 2283 1314 2350 hexametri
1377 2303 1596 2350 versus
1666 2283 1836 2368 apud
1905 2303 2053 2348 eum
2116 2285 2385 2350 minime
2444 2286 2571 2350 rari
2634 2286 2799 2360 sint,

419 2389 737 2461 abundat.
777 2395 992 2455 tamen
1078 2391 1436 2455 coniunctio
1508 2389 1618 2454 καί
1686 2396 1753 2455 et
1820 2388 2103 2456 multum
2176 2389 2349 2456 malo
2420 2389 2634 2456 locum
2707 2392 2831 2456 ita.

418 2495 743 2583 supplere:

552 2603 735 2669 ταυτὶ
789 2602 892 2668 κα)
948 2600 1321 2690 (τοιαυτὶ)
1369 2608 1614 2685 τολμᾷς
1659 2600 1738 2666 σὺ
1788 2600 1997 2679 λέγειν
2047 2601 2481 2683 ῥοδοδάκτυλος
2521 2599 2709 2680 οὖσα,

415 2710 606 2775 sicuti
649 2709 1104 2794 Aristophanes
1149 2710 1437 2793 scripsit:

1437 2813 1577 2886 τοὺς
1629 2812 1881 2895 Φρύγας
1926 2810 2066 2880 οἶδα
2113 2811 2349 2897 θεωρῶν

689 2919 904 2985 πολλοὶ
949 2919 1185 2986 τοιαυτὶ
1231 2918 1335 2983 κα)
1383 2918 1617 2985 τοιαυτὶ
1668 2919 1773 2983 καὶ
1823 2919 1980 3001 δευρὶ
2028 2920 2586 3001 σχηματίσαντας.

507 3130 865 3197 Meinekius
927 3150 990 3215 p.
1062 3129 1191 3195 194
1253 3150 1330 3195 ex
1392 3128 1867 3214 Hephaestione
1929 3130 2151 3197 laudat
2198 3136 2326 3196 tres
2376 3128 2621 3199 Cratini
2672 3152 2805 3200 ver-

418 3236 684 3303 siculos:

685 3342 834 3409 Εὔιε
882 3344 1238 3422 κισσοχαῑτ’
1285 3338 1449 3417 ἄναξ
1493 3344 1693 3425 χαῖρ’,
1742 3340 1974 3424 ἔφασκ’
2023 3344 2462 3425 Ἐκφαντίδης.

687 3446 912 3515 Πάντα
959 3449 1201 3530 Φορητδι
1250 3446 1463 3511 πάντα
1512 3447 1803 3525 τολμηταὶ
1852 3447 2003 3529 τῷδε
2052 3450 2135 3529 τῷ
2182 3450 2363 3530 χορῷ.

688 3557 860 3631 Πλὴν
905 3553 1106 3623 Ξενίου
1151 3553 1378 3631 νόμοισι
1425 3554 1530 3619 καὶ
1581 3554 1977 3635 Σχοινίωνος,
2024 3552 2067 3619 ὦ
2120 3554 2333 3635 Χάρον.

415 3662 558 3728 Non
625 3682 774 3728 eum
845 3660 1038 3727 latuit
1071 3660 1272 3745 ,quod
1334 3660 1438 3727 vel
1503 3680 1684 3726 caeco
1750 3664 2040 3746 apertum
2105 3666 2233 3746 est,
2286 3668 2412 3726 tres
2462 3662 2805 3730 versiculos

416 3767 678 3834 fortasse
741 3769 974 3852 petitos
1033 3786 1167 3832 esse
1230 3786 1308 3832 ex
1369 3786 1498 3830 una
1543 3765 1889 3851 eademque
1941 3764 2160 3831 fabula
2205 3771 2269 3833 et
2313 3767 2606 3851 parabasi
2629 3817 2647 3853 ‚
2695 3768 2805 3835 sed

414 3894 540 3941 non
607 3876 956 3939 sententiae
1025 3873 1449 3959 perpetuitate
1507 3890 1612 3937 eos
1674 3872 2024 3938 cohaerere.
2119 3871 2360 3937 Verum
2423 3875 2623 3939 miror
2679 3896 2807 3941 non

413 3980 586 4045 idem
635 4000 782 4045 eum
831 3979 1166 4067 agnovisse
1212 3979 1279 4043 in
1327 3976 1452 4043 alio
1497 3976 1887 4064 frag-mento,
1936 3976 2103 4063 quod
2151 3978 2323 4043 idem
2370 3976 2805 4065 Hephaestion

415 4088 730 4154 servavit:

689 4192 864 4269 Χαῖρ’
913 4186 954 4254 ὦ
1003 4188 1156 4267 μέγ’
1207 4187 1628 4271 αχρειόγελως
1677 4184 1889 4265 ὅμιλε,
1936 4198 2079 4261 ταῖς
2130 4188 2445 4267 ἐπίβδαις.

684 4304 817 4371 Τῆς
869 4294 1173 4375 ἡμετέρας
1219 4295 1449 4379 σοφίας
1497 4295 1700 4371 κριτὴς
1747 4293 1920 4373 ἄριςε
1970 4294 2237 4361 πάντων.

683 4400 1020 4481 Εὐδαίμον’
1077 4400 1278 4467 ἔτικτέ
1327 4423 1396 4466 σε
1443 4404 1646 4481 μήτηρ
1696 4401 1891 4483 ἰκρίων
1938 4402 2239 4485 ψόφησις.
