3369 5142
1502 305 1741 356 excuso.
2695 283 2826 352 379

438 478 775 545 'sutoribus
844 479 1307 564 defendentibus
1374 502 1499 543 non
1568 482 1751 545 modo
1810 481 2063 568 patrias
2129 482 2266 545 eius
2314 477 2618 566 fortunas
2637 525 2653 555 ‚
2723 480 2830 543 sed

438 589 627 651 etiam
673 587 831 651 bona
880 598 1159 652 tutorum
1204 586 1510 650 ademisti.

531 691 909 759 Rectissime
956 690 1312 778 supplevit:
1369 709 1455 756 ΤΠ
1500 693 1808 756 tutoribus
1849 692 2330 778 defendentibus.

531 936 606 1000 In
652 937 688 1019 ξ
740 931 905 1000 158:
956 935 1257 998 eiusmodi
1301 935 1794 998 subsortitionem
1842 935 2022 999 homo
2069 934 2526 998 amentissimus
2571 956 2826 998 suorum

444 1063 677 1128 quoque
744 1042 1015 1105 iudicum
1079 1040 1228 1126 fore
1285 1043 1539 1128 putavit
1592 1063 1713 1127 per
1777 1040 2046 1105 sodalem
2103 1063 2284 1104 suum
2354 1039 2426 1119 Q.
2501 1038 2789 1106 Curtium
2812 1088 2828 1119 ‚

442 1149 701 1213 iudicem
748 1149 1122 1236 quaestionis
1174 1148 1405 1232 [suae]

532 1253 763 1320 Risum
809 1260 1029 1322 movet
1074 1277 1219 1319 suae
1267 1253 1582 1319 additum.
1630 1253 1787 1319 Erat
1831 1253 2024 1320 homo
2062 1257 2247 1320 iudex
2285 1258 2678 1342 quaestionis,
2701 1277 2828 1322 non

440 1361 822 1447 quaestionis
868 1359 944 1426 C.
993 1359 1207 1428 Verris
1225 1407 1241 1438 ,
1292 1360 1460 1446 quod
1504 1360 1853 1426 absurdum
1901 1365 2017 1426 est.

731 1622 1027 1673 Aomoms
1074 1604 1405 1672 sucusms
1446 1621 1515 1669 m
1560 1620 1617 1669 c.
1664 1621 1926 1670 vunnim
1971 1621 2162 1670 mmm
2207 1621 2553 1674 suemus.

532 1849 606 1915 In
654 1850 691 1934 ξ
739 1847 815 1913 1:
864 1847 1067 1912 multa
1112 1846 1270 1910 mihi
1312 1847 1644 1910 necessario
1669 1893 1686 1923 ‚
1735 1848 1958 1911 iudices
1979 1893 1994 1924 ‚
2034 1850 2593 1934 praetermittenda
2646 1865 2790 1917 sunt
2808 1900 2824 1930 ‚

444 1969 515 2022 ut
555 1958 792 2043 possim
841 1951 1085 2038 [aliquo
1134 1951 1348 2035 modo]
1400 1951 1738 2038 aliquando
1785 1955 1858 2016 de
1904 1955 1980 2016 iis
2027 1954 2237 2031 rebus,
2289 1977 2443 2040 quae
2477 1979 2645 2022 meae
2667 1960 2829 2046 fidei

442 2064 795 2128 commissae
840 2072 985 2124 sunt
1004 2105 1020 2136 ‚
1067 2060 1277 2124 dicere.

532 2166 1057 2256 Dittogrsphism
1106 2162 1371 2229 sustulit
1416 2183 1788 2249 comparans
1833 2167 1900 2230 in
1935 2166 2146 2230 Vatin.
2194 2167 2226 2251 ἓ
2271 2166 2346 2232 9:
2387 2181 2458 2233 ut
2489 2169 2826 2256 aliquando

441 2279 528 2341 ad
574 2287 630 2340 te
677 2277 943 2348 veniam,
993 2273 1068 2336 de
1110 2293 1205 2336 me
1252 2274 1332 2336 sit
1379 2270 1489 2335 hoc
1528 2282 1890 2336 extremum.

534 2380 869 2446 Praeterea
911 2379 1122 2464 aliquo
1168 2379 1351 2442 modo
1396 2379 1589 2442 dicere
1634 2397 1823 2443 sensu
1872 2399 2146 2445 vacuum
2195 2385 2311 2446 est.

532 2608 611 2673 In
658 2611 694 2693 ἓ
741 2608 863 2671 10:
918 2607 1203 2693 fecerunt
1257 2608 1445 2672 etiam
1490 2617 1561 2670 ut
1608 2627 1703 2670 me
1752 2642 1834 2653 -
1875 2628 2078 2692 prope
2124 2608 2197 2670 de
2242 2610 2402 2673 vitae
2447 2633 2612 2675 meae
2657 2623 2827 2676 statu

442 2716 649 2781 dolore
696 2738 765 2779 ac
813 2714 1087 2778 lacrimis
1132 2714 1261 2777 suis
1304 2714 1662 2776 deducerent
1680 2758 1697 2788 ,
1745 2724 1816 2775 ut
1861 2734 1966 2795 eyo
2018 2713 2266 2797 [istum]
2317 2740 2678 2782 accusarem.

534 2820 803 2905 Expulit
854 2840 1226 2905 pronomen:
1276 2820 1590 2884 sententia
1637 2823 1734 2882 est
1783 2821 1856 2881 ut
1901 2836 2022 2904 ego
2067 2820 2426 2905 cuiuspiam
2473 2827 2824 2891 accusatio·

442 2950 591 2995 nem
656 2928 1074 3011 susciperem,
1132 2930 1209 2991 ut
1252 2945 1372 3013 ego
1418 2926 1531 3009 qui
1576 2922 1910 2989 defendere
1956 2921 2222 2989 solerem
2272 2926 2352 2991 ad
2400 2930 2819 2996 accusandum

444 3032 913 3101 descenderem.

538 3247 613 3311 In
660 3247 697 3331 ξ
746 3244 861 3310 14:
910 3247 999 3309 vis
1046 3245 1159 3309 illa
1204 3244 1433 3309 summi
1478 3244 1731 3329 imperii
1778 3254 2022 3307 tantum
2047 3246 2260 3329 potuit
2297 3248 2473 3333 apud
2487 3269 2828 3335 perpaucos

446 3354 719 3419 homines
766 3356 882 3418 cet.

539 3458 838 3525 Servavit
900 3456 1219 3523 Ciceronis
1280 3454 1657 3523 sententiam
1718 3453 2097 3540 supplendo:
2147 3458 2238 3521 vis
2283 3458 2392 3523 illa
2443 3498 2524 3508 —-
2574 3478 2642 3526 n)
2691 3476 2832 3530 tan-

449 3580 582 3632 tum
619 3568 851 3654 potuit.

526 3776 617 3841 ‚In
682 3778 717 3860 ξ
767 3774 886 3840 55:
947 3776 1159 3862 primo
1215 3774 1509 3859 neyliyere
1567 3784 1625 3837 et
1682 3786 2052 3838 contemnere
2097 3772 2349 3863 [coepit]
2373 3826 2390 3855 ,
2438 3783 2606 3864 quod
2647 3806 2832 3848 cama

439 3905 707 3971 prorsus
754 3885 921 3969 quod
964 3884 1283 3969 disputari
1319 3892 1528 3969 posset
1574 3880 1733 3943 nihil
1778 3879 2050 3944 habebat.

538 3988 859 4077 Pluygers
906 3990 974 4053 in
1019 3987 1312 4075 margine
1360 3988 1690 4053 annotavit
1733 4005 1866 4051 esse
1914 3985 2024 4072 qui
2061 3990 2254 4075 coepit
2292 3988 2572 4055 deletum
2615 3994 2830 4061 vellet.

446 4094 647 4161 Recte
690 4093 805 4161 ille
853 4093 1113 4179 quidem
1162 4093 1447 4178 quisquis
1498 4097 1612 4156 est.
1664 4090 1934 4177 Saepius
1972 4092 2051 4158 sd
2089 4091 2532 4162 huiuscemodi
2571 4098 2836 4167 infiniti-

445 4220 561 4266 vos
606 4200 791 4267 scioli
835 4203 1029 4287 coepit
1076 4206 1187 4264 sut
1233 4210 1555 4286 coeperunt
1600 4197 1988 4263 adscribunt.

538 4410 615 4474 In
672 4412 707 4497 ἓ
758 4410 921 4475 122:
988 4414 1155 4499 quod
1217 4408 1503 4477 ,Halesini
1546 4446 1629 4458 -
1680 4409 1921 4474 Romae
1979 4412 2397 4513 impetrarant
2443 4425 2512 4477 ut
2558 4420 2734 4507 apud
2773 4445 2834 4489 se
