3369 5142
619 315 777 384 208·
1709 333 1929 384 crosno

619 509 833 596 signa,
900 512 967 574 at
1028 508 1321 574 umbram
1384 511 1600 574 tamen
1662 506 2053 576 virtutum.”
2148 507 2236 573 At
2299 506 2364 573 id
2424 526 2654 593 parum
2714 506 3018 596 convenit

620 635 769 679 cum
810 616 1161 703 per-multa,
1210 615 1315 680 cui
1355 615 1726 700 respondere
1765 614 1952 680 debet
1983 613 2454 680 substantivum
2501 612 2756 698 aliquod
2789 614 2858 676 in
2881 611 3016 678 fine

618 721 863 807 periodi
932 743 1043 807 per
1112 722 1473 787 chiasmum
1544 723 1848 807 positum.
1944 719 2124 800 Quod
2189 721 2300 786 vix
2371 719 2550 784 aliud
2613 739 2746 784 esse
2794 720 3016 805 potuit

618 847 811 912 quam
872 828 1257 894 lineamenta.
1353 827 1426 892 Id
1472 834 1618 892 ante
1664 829 1968 892 tio-tutum
2015 827 2323 891 omissum
2371 824 2630 890 videtur
2673 826 2808 890 sine
2853 829 3014 889 nota

618 934 882 1001 lacunae
928 937 997 999 in
1044 933 1224 1000 codd.
1274 931 1371 1000 Of.
1419 931 1539 1018 58.
1616 931 1716 998 De
1761 932 1904 998 ND.
1953 931 2000 998 Ι.
2051 929 2164 1008 27,
2216 929 2336 998 ¹75:
2391 931 2586 1008 „cedo
2633 930 2800 995 mihi
2845 931 3008 994 isto·

620 1062 763 1105 rum
844 1040 1371 1106 adumbratorum
1459 1039 1723 1106 deorum
1785 1038 2174 1105 lineamenta
2231 1043 2423 1122 atque
2487 1035 2776 1102 formas.”
2867 1033 3006 1101 Iam

618 1145 783 1212 nihil
832 1167 989 1232 opus
1034 1153 1131 1212 est
1176 1145 1378 1212 fulcro
1424 1145 1539 1212 illo
1594 1158 1819 1211 tamen.

716 1251 822 1316 14.
886 1251 1109 1317 Cicero
1173 1257 1508 1336 postquam
1576 1253 1902 1317 confessus
1964 1256 2061 1318 est
2117 1250 2437 1316 studuisse
2483 1247 2802 1316 Catilinae
2848 1245 3006 1315 Gae-

616 1358 781 1422 lium
804 1406 821 1432 ,
888 1358 994 1422 sed
1060 1358 1331 1424 eundem
1394 1360 1725 1424 excusavit
1771 1363 2027 1444 propter
2073 1359 2348 1443 speciem
2396 1359 2720 1424 virtutum
2765 1353 3004 1420 multa·

617 1485 796 1541 rum,
847 1485 1006 1548 quae
1054 1466 1123 1529 in
1170 1463 1452 1531 Catilina
1500 1463 1734 1540 inerat,
1785 1465 2000 1550 addit,
2049 1465 2104 1528 si
2150 1463 2334 1529 libris
2379 1461 2534 1528 fides
2579 1467 2706 1545 est,
2769 1479 3004 1546 „quare

614 1572 741 1634 ista
811 1570 1095 1635 condicio
1119 1619 1136 1649 ‚
1210 1569 1485 1648 iudices,
1550 1577 1886 1656 respuatur
1905 1618 1921 1649 ,
1982 1591 2099 1635 nec
2161 1566 2476 1636 Catilinae
2538 1567 3002 1633 familiaritatis

616 1678 859 1742 crimen
904 1676 1189 1754 haereat;
1240 1681 1337 1742 est
1382 1677 1557 1742 enim
1602 1697 1944 1743 commune
1993 1697 2138 1742 cum
2180 1674 2410 1741 multis
2447 1680 2513 1741 et
2552 1695 2698 1739 cum
2743 1674 3001 1759 quibus-

618 1781 767 1846 dam
836 1784 1035 1848 etiam
1109 1781 1346 1849 bonis.”
1438 1783 1740 1848 Primum
1808 1782 2082 1848 latinum
2143 1803 2268 1848 non
2332 1787 2463 1858 est,
2527 1785 2602 1847 ut
2662 1801 2811 1845 cum
2857 1780 3004 1845 bom·

612 1886 757 1964 illi,
814 1887 892 1954 de
957 1889 1189 1973 quibus
1247 1891 1314 1953 in
1362 1886 1483 1954 fine
1532 1909 1738 1955 sermo
1783 1895 1909 1972 est,
1959 1887 2156 1953 insint
2203 1889 2270 1952 in
2316 1887 2566 1964 multis,
2615 1888 2998 1972 praepositio

610 2001 954 2081 repetatur.
1050 1995 1503 2062 Scribendum:
1568 2002 1707 2075 „est
1761 1997 1930 2060 enim
1994 2015 2336 2061 commune
2397 1996 2459 2058 ei
2519 2015 2666 2060 cum
2731 1992 2994 2066 multis,

612 2100 994 2186 quibusdam
1059 2103 1255 2166 etiam
1319 2101 1555 2168 bonis.”
1644 2101 1840 2167 Porro
1903 2122 2083 2186 quae.
2125 2107 2222 2166 est
2279 2102 2402 2166 ista
2449 2101 2751 2183 condicio,
2801 2118 2996 2183 quam

610 2207 853 2271 iudices
916 2227 1209 2290 respuere
1273 2205 1581 2273 debeant?
1630 2206 1861 2273 Vereor
1909 2213 1982 2272 ut
2029 2210 2351 2292 quaerenti
2399 2205 2750 2271 satisfaciat
2797 2202 2996 2269 Gara-

612 2315 861 2394 tonius‚
922 2315 1104 2377 cuius
1168 2315 1452 2379 contorta
1508 2315 1948 2399 interpretatio
1995 2316 2151 2378 satis
2197 2312 2380 2378 docet
2425 2311 2812 2378 vocabulum
2859 2331 2996 2376 esse

618 2423 1009 2502 corruptum.
1107 2418 1233 2484 Pro
1279 2421 1403 2484 ista
1448 2422 1716 2486 condicio
1763 2416 2013 2505 req'uiro
2059 2421 2182 2484 ista
2227 2421 2490 2485 convitia
2535 2421 2778 2503 (minus
2823 2422 2996 2482 recte

611 2523 940 2617 convicia),
990 2545 1102 2610 pro
1148 2537 1519 2614 respuatur.-
1566 2530 1894 2614 respuatis.
1958 2526 2088 2591 Tur
2133 2533 2196 2591 et
2243 2528 2324 2593 tis
2369 2546 2497 2591 una
2545 2527 2778 2613 exigua
2823 2523 3000 2590 linea

608 2632 677 2694 in
723 2626 913 2697 MSS.
964 2631 1213 2697 diversa
1258 2638 1426 2697 sunt.

704 2735 808 2804 17.
884 2737 1170 2803 Fortasse
1216 2758 1342 2803 non
1387 2738 1617 2805 inutile
1663 2742 1786 2805 erit
1833 2739 2356 2807 animadvertisse
2402 2743 2468 2805 in
2516 2741 2728 2807 verbis
2778 2758 2994 2815 „sum-

606 2849 713 2909 tus
782 2845 969 2908 unius
1037 2846 1287 2930 generis
1354 2844 1635 2911 obiectus
1708 2850 1837 2929 est,
1900 2845 2358 2911 habitationis”
2423 2845 2543 2911 hoc
2591 2850 2986 2931 postremum

606 2948 993 3015 vocabulum
1050 2947 1407 3036 significare
1466 2950 1826 3016 mercedem
1887 2951 2301 3017 habit-ationis
2367 2973 2681 3036 annuam,
2747 2958 2812 3016 et
2857 2972 2994 3015 esse

607 3056 971 3143 genitivum
1024 3054 1449 3119 definitivum.
1544 3057 1644 3121 Ad
1691 3056 1840 3121 fam.
1893 3056 2072 3123 XIII.
2129 3061 2199 3122 1:
2252 3063 2440 3143 „peto
2485 3060 2690 3146 igitur
2737 3078 2774 3123 a
2813 3062 2876 3122 te
2903 3094 2988 3105 —

605 3167 681 3226 ut
750 3162 811 3225 ei
880 3159 959 3225 de
1028 3160 1417 3227 habitatione
1486 3162 1976 3228 accommodes.’'
2037 3164 2211 3229 Suet.
2262 3162 2436 3231 Caes.
2493 3162 2615 3229 38:
2669 3182 2990 3241 „annuam

604 3268 799 3333 etiam
862 3265 1318 3331 habitationem
1382 3267 1623 3333 Romae
1684 3290 1883 3355 usque
1945 3270 2021 3335 ad
2089 3270 2237 3335 bina
2281 3270 2468 3335 milia
2509 3290 2851 3335 nummum
2901 3306 2988 3317 —

602 3371 911 3457 remisit,’'
978 3394 1055 3437 ex
1126 3394 1249 3457 quo
1315 3371 1455 3438 loco
1524 3374 1722 3440 simul
1799 3384 2057 3461 apparet
2122 3380 2440 3442 tenuiores
2512 3380 2736 3462 quinta
2811 3380 2992 3460 parte

604 3478 949 3555 mercedis,
1017 3500 1178 3564 quae
1224 3482 1292 3543 in
1339 3480 1634 3545 Palatino
1679 3481 1932 3547 modica
1977 3489 2175 3566 esset,
2226 3482 2515 3548 habitare
2563 3482 2783 3548 solitos
2831 3502 2988 3547 esse.

698 3582 801 3650 18.
855 3585 1414 3669 „reprehendistis,
1460 3606 1497 3651 a
1534 3592 1714 3671 patre
1755 3588 1921 3671 quod
1961 3590 2328 3675 semigrarit
2357 3588 2540 3673 (Bak.
2569 3586 2982 3673 semiqravitjz

604 3690 771 3775 quod
832 3690 1093 3775 quidem
1153 3694 1286 3755 iam
1345 3694 1413 3757 in
1474 3692 1593 3757 hac
1650 3698 1856 3759 aetate
1906 3695 2172 3759 minime
2217 3694 2802 3780 reprehendendum
2849 3698 2984 3759 est:

603 3797 713 3879 qui
776 3814 923 3859 cum
985 3804 1049 3859 et
1096 3816 1175 3860 ex
1221 3799 1311 3860 rei
1360 3795 1655 3882 publicae
1703 3820 1894 3864 causa
1941 3800 2070 3864 iam
2121 3806 2285 3865 esset
2331 3799 2497 3864 mihi
2543 3800 2802 3884 quidem
2849 3818 2988 3863 mo-

600 3898 829 3966 lestam
856 3946 872 3977 ,
956 3899 1081 3964 sibi
1149 3906 1361 3966 tamen
1436 3901 1783 3990 gloriosam
1857 3907 2188 3972 victoriam
2259 3910 2632 3971 consecutus
2653 3954 2668 3983 ,
2745 3912 2810 3971 et
2876 3925 2987 3990 per

602 4010 875 4072 aetatem
918 4007 1335 4093 mag-istratus
1382 4013 1595 4093 petere
1640 4017 1852 4095 posset
1901 4049 1982 4059 —-
2039 4012 2118 4076 ab
2166 4032 2238 4077 eo
2284 4014 2513 4097 (patre)
2554 4008 2987 4098 semigravit.”

696 4112 885 4190 „Iam
930 4114 995 4177 in
1044 4111 1163 4177 hac
1211 4112 1456 4179 aetate”
1506 4121 1871 4201 suspectum
1925 4116 2052 4182 fuit
2099 4117 2256 4183 olim
2297 4116 2573 4199 Orellio,
2613 4118 2706 4201 (in
2743 4116 2842 4182 ed.
2883 4136 2983 4200 op.

601 4218 759 4291 Cic..
820 4220 889 4283 in
954 4224 1239 4302 separata
1284 4222 1553 4285 retinuit
1596 4223 1790 4303 iam),
1841 4228 1983 4306 post
2028 4222 2350 4308 Kaysero,
2402 4225 2512 4308 qui
2558 4221 2600 4287 l.
2651 4222 2692 4287 1.
2745 4244 2810 4307 p.
2851 4219 2986 4287 422

602 4326 895 4391 coniicit:
964 4324 1169 4409 „quod
1242 4326 1493 4411 quidem
1564 4330 1696 4391 iam
1760 4330 1824 4391 in
1891 4328 2008 4393 hac
2055 4336 2259 4393 aetate
2297 4330 2546 4415 factam
2591 4328 2768 4393 esse.”
2863 4328 2987 4395 Sed

599 4432 718 4499 hoc
779 4433 987 4497 nescio
1050 4433 1365 4522 qupmodo
1428 4433 1725 4499 debihtat
1785 4437 2189 4501 sententiam.
2287 4436 2368 4500 In
2433 4436 2544 4501 hac
2603 4448 2800 4500 aetate
2847 4441 2977 4501 est:
