3369 5142
1452 337 1695 393 monuo.
2655 323 2781 391 381

487 513 563 580 In
622 517 659 602 ᾖ
705 514 790 580 45
853 523 1187 604 postquam
1248 517 1496 584 dixerat
1540 513 1883 581 Metellum
1927 535 2005 579 ex
2051 513 2206 579 urbe
2251 511 2502 578 litteras
2551 512 2630 578 ad
2678 511 2782 578 Si-

397 621 585 688 ciliae
656 625 951 690 civitates
1019 626 1271 690 misisse
1326 644 1488 690 anno
1552 623 1872 707 superiore
1931 625 2200 686 exeunte
2263 619 2475 685 addit:
2549 618 2786 699 Quanti

395 741 716 794 conventus
768 729 1167 818 (Siculorum)
1218 734 1303 796 ad
1346 731 1677 796 Marcellos
1693 776 1709 807 ‚
1736 767 1819 776 —
1847 730 2069 814 quanti
2112 729 2200 792 ad
2253 724 2362 792 Gn.
2405 727 2780 814 Pompeium

400 837 572 921 [tum
620 834 944 902 consulem
994 836 1435 924 designatum]
1488 874 1571 886 —
1606 837 1762 924 fieri
1797 833 1966 899 soliti
2009 836 2133 898 sint
2179 835 2316 920 quis
2363 830 2653 918 iquorat?

486 942 708 1026 Inepte
756 942 1049 1008 additum
1098 957 1231 1010 tum
1276 943 1577 1010 consulem
1616 944 2004 1027 desiynatum
2045 941 2328 1027 expungi
2353 941 2560 1003 iussit.
2611 935 2781 1016 Quid

396 1052 569 1114 enim
618 1048 933 1114 attinebat
978 1070 1252 1134 narrare,
1295 1049 1412 1116 Cn.
1451 1048 1835 1134 Pompeium
1857 1097 1874 1132 ,
1913 1053 2068 1111 tune
2105 1046 2430 1112 consulem
2452 1093 2468 1122 ,
2511 1049 2782 1111 exeunte

398 1174 562 1220 anno
634 1154 955 1238 superiore
1025 1156 1346 1222 consulem
1417 1156 1826 1242 designatum
1893 1150 2132 1218 fuisse?
2193 1150 2328 1217 Sub
2389 1152 2568 1216 illius
2633 1151 2784 1216 anni

400 1263 644 1326 exitum
714 1260 1061 1346 Pompeius
1131 1262 1333 1328 redux
1403 1283 1482 1328 ex
1546 1259 1862 1346 Hispania
1930 1265 2065 1326 erat
2134 1259 2214 1324 ad
2275 1259 2502 1324 urbem
2566 1255 2786 1322 consul

401 1367 773 1454 designatus
837 1374 1207 1454 exspectans
1254 1368 1656 1454 triumphum
1681 1414 1697 1444 ,
1747 1385 1937 1450 quem
1987 1365 2172 1431 duxit
2218 1365 2423 1450 pridie
2471 1360 2782 1430 Calendas

397 1470 746 1540 Ianuarias.
796 1474 871 1540 of.
926 1473 1146 1541 Cicero
1190 1479 1258 1542 in
1320 1473 1498 1540 Verr.
1549 1472 1597 1537 1.
1648 1474 1702 1558 §f
1734 1471 1842 1537 45.
1892 1470 2057 1538 vell.
2103 1472 2346 1537 Patere.
2400 1470 2483 1536 II.
2533 1470 2640 1538 30.

492 1717 570 1781 ln
616 1719 653 1802 ἓ
702 1717 822 1780 54:
872 1715 1175 1803 Nympho
1201 1753 1284 1763 —
1312 1717 1777 1780 condemnatur.
1834 1711 2112 1793 Quanti?
2147 1713 2429 1800 fortasse
2466 1716 2782 1800 quaeritis.

405 1821 610 1886 Nulla
655 1835 792 1888 erat
836 1824 1017 1888 edicti
1051 1843 1255 1910 poena
1302 1833 1485 1886 certa.

494 1926 867 2014 Supplevit.
916 1928 977 1994 N
978 1946 1072 1994 ΔΜ
1116 1928 1291 1993 nulla
1335 1942 1471 1994 erat
1517 1931 1636 1994 cet.

497 2167 573 2234 In
636 2171 672 2254 ξ
720 2169 842 2235 60:
906 2187 1059 2246 Qum
1121 2196 1162 2236 a
1206 2194 1302 2236 me
1348 2170 1621 2257 amplius
1666 2173 1987 2237 dicendum
2021 2169 2316 2260 putatis?
2361 2197 2444 2236 an
2487 2173 2558 2237 id
2599 2195 2786 2258 aqen-

406 2280 556 2342 dum
626 2289 695 2341 ut
771 2279 873 2363 [eo
942 2277 1237 2364 celerius]
1316 2281 1389 2342 de
1456 2279 1582 2341 ista
1646 2283 2066 2364 tramiyamus
2085 2327 2101 2358 ,
2167 2303 2286 2366 quo
2349 2283 2658 2344 maturius
2703 2281 2790 2344 ad

405 2381 764 2471 Apronium
800 2388 1115 2473 possimus
1173 2423 1251 2434 —-
1289 2382 1653 2473 pervenire?

498 2489 916 2558 Emendavit:
984 2509 1399 2569 qumquam}
1459 2513 1499 2553 a
1563 2515 1659 2558 me
1709 2529 1791 2540 —
1836 2495 2085 2581 putatis
2131 2517 2214 2558 an
2260 2493 2329 2557 id
2369 2493 2672 2578 ayendum
2719 2503 2788 2556 ut

408 2601 479 2663 de
526 2602 643 2665 isto
690 2598 1158 2685 transiyamus?

498 2842 572 2907 In
617 2844 654 2928 ξ
702 2842 825 2912 6¹7:
875 2846 1033 2911 nolle
1078 2869 1138 2911 se
1182 2850 1411 2932 neyotii
1452 2852 1796 2937 quidquam
1841 2848 2057 2914 habere
2103 2849 2365 2925 dicebat,
2405 2850 2512 2913 sed
2548 2858 2790 2934 accepta

398 2954 663 3037 pecunia
708 2975 897 3037 quam
935 2954 1223 3039 primum
1269 2954 1463 3019 aliam
1510 2959 1817 3021 civitatem
1862 2978 2172 3043 occupare.

500 3051 827 3122 Correxit:
878 3081 1069 3143 quam
1110 3061 1399 3146 primum
1444 3079 1511 3127 m
1558 3062 1752 3127 aliam
1798 3064 2104 3127 civitatem
2151 3078 2527 3127 mensurna.

498 3300 573 3367 In
643 3304 679 3388 ξ
732 3302 893 3368 130:
961 3326 1148 3388 yrave
1216 3307 1443 3370 crimen
1512 3318 1603 3371 est
1662 3306 1772 3371 hoc
1833 3317 1890 3370 et
1949 3305 2255 3370 vehemens
2309 3340 2390 3351 -
2434 3312 2792 3390 praetorem

407 3412 606 3475 socios
653 3409 868 3476 habere
912 3412 1295 3477 decumanos.

500 3514 817 3581 Coniecit:
878 3529 1235 3604 praetorem
1295 3520 1511 3582 socium
1571 3519 1788 3583 habere
1833 3522 2212 3583 decumanos.
2309 3517 2572 3583 Praetor
2619 3518 2792 3582 enim

408 3620 477 3685 in
548 3621 1047 3689 decumanorum
1117 3626 1487 3691 societatem
1561 3630 1854 3711 receptus
1925 3630 2060 3703 est,
2132 3645 2257 3689 non
2326 3625 2662 3690 decumani
2725 3626 2792 3689 in

410 3729 753 3795 Praetoris.

502 3941 576 4009 In
633 3946 669 4029 ξ
723 3941 883 4008 138:
948 3946 1399 4031 impudentiam
1462 3944 1880 4029 sinyulareml
1945 3944 2040 4009 hie
2093 3945 2378 4031 postulat
2437 3966 2498 4007 ae
2557 3943 2796 4007 Romae

412 4052 675 4129 absolvi,
747 4054 857 4137 qui
922 4054 989 4115 in
1056 4073 1170 4115 sua
1232 4052 1558 4138 provincia
1618 4053 1913 4115 iudicarit
1971 4073 2031 4115 se
2091 4050 2323 4116 absolvi
2383 4049 2551 4113 nullo
2613 4050 2794 4111 modo

404 4160 621 4245 posse!
688 4160 799 4244 qui
843 4158 991 4245 plus
1051 4158 1355 4221 existimet
1413 4160 1587 4243 apud
1648 4156 2040 4221 Lectissimos
2101 4168 2406 4220 senatores
2469 4156 2796 4241 pecuniam

413 4286 603 4349 quam
648 4267 823 4351 apud
868 4279 1027 4330 ‘rans
1073 4265 1477 4348 neqotiatores
1525 4276 1757 4328 metum
1803 4263 2017 4328 valere.

504 4366 873 4455 Supplevit:
922 4372 1099 4457 apud
1142 4386 1185 4434 1.
1235 4370 1752 4457 (quinquaginta)
1803 4370 2156 4435 lectissimos
2203 4379 2528 4434 senatores.
