<?xml version="1.0" encoding="UTF-8"?>
<!DOCTYPE html PUBLIC "-//W3C//DTD XHTML 1.0 Transitional//EN"
    "http://www.w3.org/TR/xhtml1/DTD/xhtml1-transitional.dtd">
<html xmlns="http://www.w3.org/1999/xhtml" xml:lang="en" lang="en">
 <head>
  <title>
</title>
<meta http-equiv="Content-Type" content="text/html;charset=utf-8" />
  <meta name='ocr-system' content='tesseract 3.04.00' />
  <meta name='ocr-capabilities' content='ocr_page ocr_carea ocr_par ocr_line ocrx_word'/>
</head>
<body>
  <div class='ocr_page' id='page_1' title='image "./mnemosynevolume01verdgoog_0409.png"; bbox 0 0 3369 5142; ppageno 0'>
   <div class='ocr_carea' id='block_1_1' title="bbox 1459 291 2762 364">
    <p class='ocr_par' dir='ltr' id='par_1_1' title="bbox 1459 291 2762 364">
     <span class='ocr_line' id='line_1_1' title="bbox 1459 291 2762 364; baseline 0.003 -4"><span class='ocrx_word' id='word_1_1' title='bbox 1459 311 1702 360; x_wconf 73' lang='lat' dir='ltr'><strong><em>menno.</em></strong></span> <span class='ocrx_word' id='word_1_2' title='bbox 2631 291 2762 364; x_wconf 79' lang='lat'><strong><em>377</em></strong></span> 
     </span>
    </p>
   </div>
   <div class='ocr_carea' id='block_1_2' title="bbox 382 451 2768 679">
    <p class='ocr_par' dir='ltr' id='par_1_2' title="bbox 382 451 2768 679">
     <span class='ocr_line' id='line_1_2' title="bbox 382 451 2764 574; baseline 0.001 -24"><span class='ocrx_word' id='word_1_3' title='bbox 382 487 777 571; x_wconf 83' lang='lat' dir='ltr'><strong><em>quamobrem</em></strong></span> <span class='ocrx_word' id='word_1_4' title='bbox 822 509 883 551; x_wconf 88' lang='lat' dir='ltr'><strong><em>se</em></strong></span> <span class='ocrx_word' id='word_1_5' title='bbox 930 451 1201 574; x_wconf 80' lang='lat' dir='ltr'><strong><em>confidat</em></strong></span> <span class='ocrx_word' id='word_1_6' title='bbox 1246 487 1493 572; x_wconf 86' lang='lat' dir='ltr'><strong><em>aliquid</em></strong></span> <span class='ocrx_word' id='word_1_7' title='bbox 1525 509 1651 574; x_wconf 90' lang='lat' dir='ltr'><strong><em>pro</em></strong></span> <span class='ocrx_word' id='word_1_8' title='bbox 1640 488 1831 573; x_wconf 78' lang='lat' dir='ltr'><strong><em>ficere</em></strong></span> <span class='ocrx_word' id='word_1_9' title='bbox 1869 507 2051 573; x_wconf 77' lang='lat' dir='ltr'><strong><em>posse</em></strong></span> <span class='ocrx_word' id='word_1_10' title='bbox 2095 485 2203 552; x_wconf 80' lang='grc' dir='ltr'><strong><em>Ιιοσ</em></strong></span> <span class='ocrx_word' id='word_1_11' title='bbox 2231 499 2522 573; x_wconf 84' lang='lat' dir='ltr'><strong><em>praetore</em></strong></span> <span class='ocrx_word' id='word_1_12' title='bbox 2559 499 2616 551; x_wconf 91' lang='lat' dir='ltr'><strong><em>et</em></strong></span> <span class='ocrx_word' id='word_1_13' title='bbox 2655 487 2764 552; x_wconf 76' lang='lat' dir='ltr'><strong><em>hoe</em></strong></span> 
     </span>
     <span class='ocr_line' id='line_1_3' title="bbox 382 590 2768 679; baseline 0.001 -23"><span class='ocrx_word' id='word_1_14' title='bbox 382 593 630 657; x_wconf 85' lang='lat' dir='ltr'><strong><em>consilio</em></strong></span> <span class='ocrx_word' id='word_1_15' title='bbox 686 593 1018 676; x_wconf 74' lang='lat' dir='ltr'><strong><em>intelliqere</em></strong></span> <span class='ocrx_word' id='word_1_16' title='bbox 1066 615 1189 657; x_wconf 86' lang='lat' dir='ltr'><strong><em>non</em></strong></span> <span class='ocrx_word' id='word_1_17' title='bbox 1225 615 1505 679; x_wconf 82' lang='lat' dir='ltr'><strong><em>possum.</em></strong></span> <span class='ocrx_word' id='word_1_18' title='bbox 1552 595 1625 658; x_wconf 88' lang='lat' dir='ltr'><strong><em>de</em></strong></span> <span class='ocrx_word' id='word_1_19' title='bbox 1680 591 1945 656; x_wconf 81' lang='lat' dir='ltr'><em>Oratore</em></span> <span class='ocrx_word' id='word_1_20' title='bbox 1984 590 2096 656; x_wconf 88' lang='grc' dir='ltr'>ΙΙΙ.</span> <span class='ocrx_word' id='word_1_21' title='bbox 2149 591 2222 656; x_wconf 85' lang='lat'><strong><em>2:</em></strong></span> <span class='ocrx_word' id='word_1_22' title='bbox 2274 595 2602 658; x_wconf 85' lang='lat' dir='ltr'><strong><em>videndum</em></strong></span> <span class='ocrx_word' id='word_1_23' title='bbox 2650 593 2768 658; x_wconf 87' lang='lat' dir='ltr'><strong><em>sibi</em></strong></span> 
     </span>
    </p>
   </div>
   <div class='ocr_carea' id='block_1_3' title="bbox 381 697 2567 786">
    <p class='ocr_par' dir='ltr' id='par_1_3' title="bbox 381 697 2567 786">
     <span class='ocr_line' id='line_1_4' title="bbox 381 697 2567 786; baseline 0.001 -26"><span class='ocrx_word' id='word_1_24' title='bbox 381 719 504 762; x_wconf 86' lang='lat' dir='ltr'><strong><em>esse</em></strong></span> <span class='ocrx_word' id='word_1_25' title='bbox 547 697 727 762; x_wconf 87' lang='lat' dir='ltr'><strong><em>aliud</em></strong></span> <span class='ocrx_word' id='word_1_26' title='bbox 771 697 1091 762; x_wconf 82' lang='lat' dir='ltr'><strong><em>consilium</em></strong></span> <span class='ocrx_word' id='word_1_27' title='bbox 1111 722 1131 762; x_wconf 94' lang='grc'><strong><em>.·</em></strong></span> <span class='ocrx_word' id='word_1_28' title='bbox 1178 698 1285 762; x_wconf 86' lang='lat' dir='ltr'><strong><em>illo</em></strong></span> <span class='ocrx_word' id='word_1_29' title='bbox 1330 697 1563 762; x_wconf 78' lang='lat' dir='ltr'><strong><em>Senatu</em></strong></span> <span class='ocrx_word' id='word_1_30' title='bbox 1610 721 1669 763; x_wconf 87' lang='lat' dir='ltr'><strong><em>se</em></strong></span> <span class='ocrx_word' id='word_1_31' title='bbox 1715 721 1912 785; x_wconf 89' lang='lat' dir='ltr'><strong><em>remp.</em></strong></span> <span class='ocrx_word' id='word_1_32' title='bbox 1957 719 2162 782; x_wconf 78' lang='lat' dir='ltr'><strong><em>qerere</em></strong></span> <span class='ocrx_word' id='word_1_33' title='bbox 2207 722 2330 763; x_wconf 89' lang='lat' dir='ltr'><strong><em>non</em></strong></span> <span class='ocrx_word' id='word_1_34' title='bbox 2367 722 2567 786; x_wconf 86' lang='lat' dir='ltr'><strong><em>posse.</em></strong></span> 
     </span>
    </p>
   </div>
   <div class='ocr_carea' id='block_1_4' title="bbox 372 905 2774 2057">
    <p class='ocr_par' dir='ltr' id='par_1_4' title="bbox 380 905 2774 1184">
     <span class='ocr_line' id='line_1_5' title="bbox 471 905 2774 997; baseline 0.002 -25"><span class='ocrx_word' id='word_1_35' title='bbox 471 905 544 971; x_wconf 90' lang='lat' dir='ltr'><strong><em>In</em></strong></span> <span class='ocrx_word' id='word_1_36' title='bbox 615 908 650 992; x_wconf 62' lang='grc' dir='ltr'>ξ</span> <span class='ocrx_word' id='word_1_37' title='bbox 698 906 773 973; x_wconf 85' lang='lat'><strong><em>6:</em></strong></span> <span class='ocrx_word' id='word_1_38' title='bbox 847 931 951 993; x_wconf 80' lang='lat' dir='ltr'><strong><em>eqo</em></strong></span> <span class='ocrx_word' id='word_1_39' title='bbox 1014 908 1291 974; x_wconf 82' lang='lat' dir='ltr'><strong><em>Siciliam</em></strong></span> <span class='ocrx_word' id='word_1_40' title='bbox 1356 921 1549 974; x_wconf 87' lang='lat' dir='ltr'><strong><em>totam</em></strong></span> <span class='ocrx_word' id='word_1_41' title='bbox 1611 912 2063 997; x_wconf 74' lang='lat' dir='ltr'><strong><em>quinquaqinta</em></strong></span> <span class='ocrx_word' id='word_1_42' title='bbox 2121 911 2331 975; x_wconf 84' lang='lat' dir='ltr'><strong><em>diebus</em></strong></span> <span class='ocrx_word' id='word_1_43' title='bbox 2391 913 2477 975; x_wconf 84' lang='lat' dir='ltr'><strong><em>sie</em></strong></span> <span class='ocrx_word' id='word_1_44' title='bbox 2535 912 2658 976; x_wconf 84' lang='lat' dir='ltr'><strong><em>obii</em></strong></span> <span class='ocrx_word' id='word_1_45' title='bbox 2703 922 2774 976; x_wconf 87' lang='lat' dir='ltr'><strong><em>ut</em></strong></span> 
     </span>
     <span class='ocr_line' id='line_1_6' title="bbox 385 1016 2773 1104; baseline 0.002 -27"><span class='ocrx_word' id='word_1_46' title='bbox 385 1017 663 1079; x_wconf 86' lang='lat' dir='ltr'><strong><em>omnium</em></strong></span> <span class='ocrx_word' id='word_1_47' title='bbox 701 1016 1086 1103; x_wconf 87' lang='lat' dir='ltr'><strong><em>populorum</em></strong></span> <span class='ocrx_word' id='word_1_48' title='bbox 1124 1018 1650 1104; x_wconf 73' lang='lat' dir='ltr'><strong><em>privatorumoun</em></strong></span> <span class='ocrx_word' id='word_1_49' title='bbox 1713 1032 2026 1082; x_wconf 72' lang='lat' dir='ltr'><strong>LITTERAS</strong></span> <span class='ocrx_word' id='word_1_50' title='bbox 2083 1018 2464 1103; x_wconf 75' lang='lat' dir='ltr'><strong><em>inim-iusque</em></strong></span> <span class='ocrx_word' id='word_1_51' title='bbox 2523 1039 2773 1102; x_wconf 77' lang='lat' dir='ltr'><strong><em>eoqnos-</em></strong></span> 
     </span>
     <span class='ocr_line' id='line_1_7' title="bbox 380 1142 589 1184; baseline -0.005 0"><span class='ocrx_word' id='word_1_52' title='bbox 380 1142 589 1184; x_wconf 81' lang='lat' dir='ltr'><strong><em>cerem.</em></strong></span> 
     </span>
    </p>

    <p class='ocr_par' dir='ltr' id='par_1_5' title="bbox 372 1225 2770 2057">
     <span class='ocr_line' id='line_1_8' title="bbox 464 1225 2770 1315; baseline 0.001 -25"><span class='ocrx_word' id='word_1_53' title='bbox 464 1225 743 1293; x_wconf 77' lang='lat' dir='ltr'><strong><em>Mirifice</em></strong></span> <span class='ocrx_word' id='word_1_54' title='bbox 803 1228 959 1294; x_wconf 83' lang='lat' dir='ltr'><strong><em>haee</em></strong></span> <span class='ocrx_word' id='word_1_55' title='bbox 1018 1229 1279 1314; x_wconf 90' lang='lat' dir='ltr'><strong><em>quidem</em></strong></span> <span class='ocrx_word' id='word_1_56' title='bbox 1329 1229 1689 1294; x_wconf 78' lang='lat' dir='ltr'><strong><em>coniunctio</em></strong></span> <span class='ocrx_word' id='word_1_57' title='bbox 1737 1233 1832 1294; x_wconf 82' lang='lat' dir='ltr'><strong><em>est</em></strong></span> <span class='ocrx_word' id='word_1_58' title='bbox 1879 1230 2122 1294; x_wconf 80' lang='lat' dir='ltr'><strong><em>litteras</em></strong></span> <span class='ocrx_word' id='word_1_59' title='bbox 2169 1230 2569 1315; x_wconf 85' lang='lat' dir='ltr'><strong><em>iniuriasque.</em></strong></span> <span class='ocrx_word' id='word_1_60' title='bbox 2665 1228 2770 1293; x_wconf 90' lang='lat' dir='ltr'><strong><em>In-</em></strong></span> 
     </span>
     <span class='ocr_line' id='line_1_9' title="bbox 379 1333 2770 1423; baseline 0.002 -28"><span class='ocrx_word' id='word_1_61' title='bbox 379 1334 635 1417; x_wconf 77' lang='lat' dir='ltr'><strong><em>geniose</em></strong></span> <span class='ocrx_word' id='word_1_62' title='bbox 706 1333 1027 1422; x_wconf 79' lang='lat' dir='ltr'>Pluygers</span> <span class='ocrx_word' id='word_1_63' title='bbox 1092 1337 1389 1420; x_wconf 80' lang='lat' dir='ltr'><strong><em>repperit.</em></strong></span> <span class='ocrx_word' id='word_1_64' title='bbox 1485 1338 1762 1399; x_wconf 87' lang='lat' dir='ltr'><strong><em>omnium</em></strong></span> <span class='ocrx_word' id='word_1_65' title='bbox 1815 1335 2200 1423; x_wconf 87' lang='lat' dir='ltr'><strong><em>populorum</em></strong></span> <span class='ocrx_word' id='word_1_66' title='bbox 2250 1339 2770 1422; x_wconf 85' lang='lat' dir='ltr'><strong><em>privatorumque</em></strong></span> 
     </span>
     <span class='ocr_line' id='line_1_10' title="bbox 380 1439 2769 1528; baseline 0.001 -24"><span class='ocrx_word' id='word_1_67' title='bbox 380 1453 710 1512; x_wconf 68' lang='lat' dir='ltr'><strong><em>omnus</em></strong></span> <span class='ocrx_word' id='word_1_68' title='bbox 755 1443 1136 1528; x_wconf 85' lang='lat' dir='ltr'><strong><em>iniuriasque</em></strong></span> <span class='ocrx_word' id='word_1_69' title='bbox 1181 1463 1622 1526; x_wconf 72' lang='lat' dir='ltr'><strong><em>coynoscerem,</em></strong></span> <span class='ocrx_word' id='word_1_70' title='bbox 1670 1441 2030 1506; x_wconf 76' lang='lat' dir='ltr'><strong>adscribens</strong></span> <span class='ocrx_word' id='word_1_71' title='bbox 2079 1439 2294 1506; x_wconf 86' lang='lat' dir='ltr'><strong><em>locum</em></strong></span> <span class='ocrx_word' id='word_1_72' title='bbox 2341 1461 2418 1506; x_wconf 85' lang='lat' dir='ltr'><strong><em>ex</em></strong></span> <span class='ocrx_word' id='word_1_73' title='bbox 2469 1440 2769 1506; x_wconf 82' lang='lat' dir='ltr'>Oratione</span> 
     </span>
     <span class='ocr_line' id='line_1_11' title="bbox 372 1545 2768 1631; baseline 0.002 -24"><span class='ocrx_word' id='word_1_74' title='bbox 372 1568 500 1631; x_wconf 88' lang='lat' dir='ltr'><strong><em>pro</em></strong></span> <span class='ocrx_word' id='word_1_75' title='bbox 546 1545 764 1612; x_wconf 83' lang='lat' dir='ltr'><strong><em>Flacco</em></strong></span> <span class='ocrx_word' id='word_1_76' title='bbox 809 1547 846 1631; x_wconf 60' lang='grc' dir='ltr'>ξ</span> <span class='ocrx_word' id='word_1_77' title='bbox 894 1545 1009 1612; x_wconf 87' lang='lat'><strong>¹73:</strong></span> <span class='ocrx_word' id='word_1_78' title='bbox 1064 1549 1121 1610; x_wconf 87' lang='lat' dir='ltr'><strong><em>si</em></strong></span> <span class='ocrx_word' id='word_1_79' title='bbox 1166 1546 1321 1610; x_wconf 78' lang='lat' dir='ltr'><strong><em>hune</em></strong></span> <span class='ocrx_word' id='word_1_80' title='bbox 1368 1548 1591 1611; x_wconf 76' lang='lat' dir='ltr'><strong><em>habent</em></strong></span> <span class='ocrx_word' id='word_1_81' title='bbox 1636 1559 1946 1611; x_wconf 70' lang='lat' dir='ltr'><strong><em>auctorem</em></strong></span> <span class='ocrx_word' id='word_1_82' title='bbox 2004 1547 2313 1610; x_wconf 63' lang='lat' dir='ltr'><strong><em>Tralliani</em></strong></span> <span class='ocrx_word' id='word_1_83' title='bbox 2357 1547 2588 1612; x_wconf 84' lang='lat' dir='ltr'><strong><em>doloris</em></strong></span> <span class='ocrx_word' id='word_1_84' title='bbox 2635 1549 2768 1624; x_wconf 85' lang='lat' dir='ltr'><strong><em>sui,</em></strong></span> 
     </span>
     <span class='ocr_line' id='line_1_12' title="bbox 380 1651 2770 1730; baseline 0.001 -17"><span class='ocrx_word' id='word_1_85' title='bbox 380 1653 438 1714; x_wconf 86' lang='lat' dir='ltr'><strong><em>si</em></strong></span> <span class='ocrx_word' id='word_1_86' title='bbox 474 1651 630 1717; x_wconf 76' lang='lat' dir='ltr'><strong><em>hunc</em></strong></span> <span class='ocrx_word' id='word_1_87' title='bbox 668 1655 975 1717; x_wconf 77' lang='lat' dir='ltr'><strong><em>custodem</em></strong></span> <span class='ocrx_word' id='word_1_88' title='bbox 1000 1653 1374 1730; x_wconf 87' lang='lat' dir='ltr'><strong><em>litterarum,</em></strong></span> <span class='ocrx_word' id='word_1_89' title='bbox 1402 1655 1459 1716; x_wconf 88' lang='lat' dir='ltr'><strong><em>si</em></strong></span> <span class='ocrx_word' id='word_1_90' title='bbox 1479 1652 1637 1716; x_wconf 77' lang='lat' dir='ltr'><strong><em>hunc</em></strong></span> <span class='ocrx_word' id='word_1_91' title='bbox 1662 1663 1870 1717; x_wconf 83' lang='lat' dir='ltr'><strong><em>testem</em></strong></span> <span class='ocrx_word' id='word_1_92' title='bbox 1893 1655 2176 1730; x_wconf 83' lang='lat' dir='ltr'><strong><em>iniuriae,</em></strong></span> <span class='ocrx_word' id='word_1_93' title='bbox 2202 1655 2258 1717; x_wconf 87' lang='lat' dir='ltr'><strong><em>si</em></strong></span> <span class='ocrx_word' id='word_1_94' title='bbox 2280 1653 2437 1717; x_wconf 68' lang='lat' dir='ltr'><strong><em>laune</em></strong></span> <span class='ocrx_word' id='word_1_95' title='bbox 2460 1665 2770 1717; x_wconf 78' lang='lat' dir='ltr'><strong><em>auctorem</em></strong></span> 
     </span>
     <span class='ocr_line' id='line_1_13' title="bbox 376 1755 2765 1845; baseline 0 -23"><span class='ocrx_word' id='word_1_96' title='bbox 376 1758 786 1842; x_wconf 73' lang='lat' dir='ltr'><strong><em>querelarum,</em></strong></span> <span class='ocrx_word' id='word_1_97' title='bbox 875 1761 1197 1823; x_wconf 79' lang='lat' dir='ltr'><strong><em>remittant</em></strong></span> <span class='ocrx_word' id='word_1_98' title='bbox 1282 1760 1566 1845; x_wconf 84' lang='lat' dir='ltr'><strong><em>spiritus.</em></strong></span> <span class='ocrx_word' id='word_1_99' title='bbox 1662 1755 1882 1845; x_wconf 79' lang='lat' dir='ltr'><strong><em>Longe</em></strong></span> <span class='ocrx_word' id='word_1_100' title='bbox 1949 1762 2164 1822; x_wconf 80' lang='lat' dir='ltr'><strong><em>tamen</em></strong></span> <span class='ocrx_word' id='word_1_101' title='bbox 2231 1759 2529 1824; x_wconf 75' lang='lat' dir='ltr'><strong><em>usitatior</em></strong></span> <span class='ocrx_word' id='word_1_102' title='bbox 2595 1757 2765 1843; x_wconf 79' lang='lat' dir='ltr'><strong><em>apud</em></strong></span> 
     </span>
     <span class='ocr_line' id='line_1_14' title="bbox 377 1860 2767 1951; baseline 0 -23"><span class='ocrx_word' id='word_1_103' title='bbox 377 1860 747 1928; x_wconf 86' lang='lat' dir='ltr'><strong><em>Ciceronem</em></strong></span> <span class='ocrx_word' id='word_1_104' title='bbox 792 1869 889 1928; x_wconf 81' lang='lat' dir='ltr'><strong><em>eet</em></strong></span> <span class='ocrx_word' id='word_1_105' title='bbox 928 1864 1135 1929; x_wconf 76' lang='lat' dir='ltr'><strong><em>forma</em></strong></span> <span class='ocrx_word' id='word_1_106' title='bbox 1180 1867 1565 1951; x_wconf 83' lang='lat' dir='ltr'><strong><em>querimonia</em></strong></span> <span class='ocrx_word' id='word_1_107' title='bbox 1610 1885 1802 1949; x_wconf 82' lang='lat' dir='ltr'><strong><em>quam</em></strong></span> <span class='ocrx_word' id='word_1_108' title='bbox 1852 1864 2127 1951; x_wconf 85' lang='lat' dir='ltr'><strong><em>querela,</em></strong></span> <span class='ocrx_word' id='word_1_109' title='bbox 2177 1866 2597 1950; x_wconf 83' lang='lat' dir='ltr'><strong><em>quamobrem</em></strong></span> <span class='ocrx_word' id='word_1_110' title='bbox 2645 1865 2767 1929; x_wconf 85' lang='lat' dir='ltr'><strong><em>for-</em></strong></span> 
     </span>
     <span class='ocr_line' id='line_1_15' title="bbox 376 1969 2762 2057; baseline 0.001 -25"><span class='ocrx_word' id='word_1_111' title='bbox 376 1973 545 2035; x_wconf 80' lang='lat' dir='ltr'><strong><em>tasse</em></strong></span> <span class='ocrx_word' id='word_1_112' title='bbox 582 1969 820 2036; x_wconf 82' lang='lat' dir='ltr'><strong><em>melius</em></strong></span> <span class='ocrx_word' id='word_1_113' title='bbox 854 1975 1225 2055; x_wconf 80' lang='lat' dir='ltr'><strong><em>reponetur:</em></strong></span> <span class='ocrx_word' id='word_1_114' title='bbox 1254 2007 1334 2017; x_wconf 92' lang='lat'>—</span> <span class='ocrx_word' id='word_1_115' title='bbox 1356 1973 1871 2057; x_wconf 77' lang='lat' dir='ltr'><strong><em>privatorumque</em></strong></span> <span class='ocrx_word' id='word_1_116' title='bbox 1910 1987 2338 2044; x_wconf 74' lang='lat' dir='ltr'><strong><em>Qunnmoms</em></strong></span> <span class='ocrx_word' id='word_1_117' title='bbox 2359 1973 2762 2057; x_wconf 79' lang='lat' dir='ltr'><strong><em>iniuriasque.</em></strong></span> 
     </span>
    </p>
   </div>
   <div class='ocr_carea' id='block_1_5' title="bbox 366 2180 2768 2696">
    <p class='ocr_par' dir='ltr' id='par_1_6' title="bbox 366 2180 2768 2696">
     <span class='ocr_line' id='line_1_16' title="bbox 464 2180 2761 2269; baseline 0.002 -24"><span class='ocrx_word' id='word_1_118' title='bbox 464 2181 539 2245; x_wconf 87' lang='lat' dir='ltr'><strong><em>In</em></strong></span> <span class='ocrx_word' id='word_1_119' title='bbox 584 2182 620 2266; x_wconf 65' lang='grc' dir='ltr'>ἓ</span> <span class='ocrx_word' id='word_1_120' title='bbox 672 2181 789 2246; x_wconf 88' lang='lat'><strong><em>11:</em></strong></span> <span class='ocrx_word' id='word_1_121' title='bbox 839 2180 1053 2247; x_wconf 76' lang='lat' dir='ltr'><strong><em>locum</em></strong></span> <span class='ocrx_word' id='word_1_122' title='bbox 1102 2185 1196 2246; x_wconf 81' lang='lat' dir='ltr'><strong><em>ita</em></strong></span> <span class='ocrx_word' id='word_1_123' title='bbox 1241 2183 1610 2246; x_wconf 78' lang='lat' dir='ltr'><strong><em>constituit:</em></strong></span> <span class='ocrx_word' id='word_1_124' title='bbox 1652 2185 1822 2246; x_wconf 85' lang='lat' dir='ltr'><strong><em>cuius</em></strong></span> <span class='ocrx_word' id='word_1_125' title='bbox 1863 2183 2082 2267; x_wconf 79' lang='lat' dir='ltr'><strong><em>leqatio</em></strong></span> <span class='ocrx_word' id='word_1_126' title='bbox 2116 2184 2372 2248; x_wconf 74' lang='lat' dir='ltr'><strong><em>exitium</em></strong></span> <span class='ocrx_word' id='word_1_127' title='bbox 2403 2183 2543 2269; x_wconf 88' lang='lat' dir='ltr'><strong><em>suit</em></strong></span> <span class='ocrx_word' id='word_1_128' title='bbox 2567 2181 2761 2250; x_wconf 82' lang='lat' dir='ltr'><strong><em>Asiae</em></strong></span> 
     </span>
     <span class='ocr_line' id='line_1_17' title="bbox 373 2289 2768 2376; baseline 0.002 -24"><span class='ocrx_word' id='word_1_129' title='bbox 373 2291 563 2352; x_wconf 85' lang='lat' dir='ltr'><strong><em>totius</em></strong></span> <span class='ocrx_word' id='word_1_130' title='bbox 623 2301 681 2353; x_wconf 92' lang='lat' dir='ltr'><strong><em>et</em></strong></span> <span class='ocrx_word' id='word_1_131' title='bbox 742 2289 1161 2376; x_wconf 75' lang='lat' dir='ltr'><strong><em>Pamphyliae</em></strong></span> <span class='ocrx_word' id='word_1_132' title='bbox 1178 2335 1195 2365; x_wconf 88' lang='lat'>‚</span> <span class='ocrx_word' id='word_1_133' title='bbox 1244 2289 1463 2374; x_wconf 81' lang='lat' dir='ltr'><strong><em>quibus</em></strong></span> <span class='ocrx_word' id='word_1_134' title='bbox 1510 2290 1577 2352; x_wconf 85' lang='lat' dir='ltr'><strong><em>in</em></strong></span> <span class='ocrx_word' id='word_1_135' title='bbox 1614 2289 1953 2375; x_wconf 82' lang='lat' dir='ltr'><strong><em>provinciis</em></strong></span> <span class='ocrx_word' id='word_1_136' title='bbox 2001 2289 2182 2374; x_wconf 72' lang='lat' dir='ltr'><strong><em>(oum)</em></strong></span> <span class='ocrx_word' id='word_1_137' title='bbox 2229 2291 2460 2354; x_wconf 86' lang='lat' dir='ltr'><strong><em>multas</em></strong></span> <span class='ocrx_word' id='word_1_138' title='bbox 2508 2294 2722 2358; x_wconf 81' lang='lat' dir='ltr'><strong><em>domos</em></strong></span> <span class='ocrx_word' id='word_1_139' title='bbox 2751 2337 2768 2369; x_wconf 93' lang='lat'>,</span> 
     </span>
     <span class='ocr_line' id='line_1_18' title="bbox 366 2394 2754 2481; baseline 0.002 -23"><span class='ocrx_word' id='word_1_140' title='bbox 366 2395 682 2481; x_wconf 88' lang='lat' dir='ltr'><strong><em>plurimas</em></strong></span> <span class='ocrx_word' id='word_1_141' title='bbox 738 2395 915 2460; x_wconf 83' lang='lat' dir='ltr'><strong><em>urbes</em></strong></span> <span class='ocrx_word' id='word_1_142' title='bbox 935 2441 951 2472; x_wconf 88' lang='lat'><strong>‚</strong></span> <span class='ocrx_word' id='word_1_143' title='bbox 1014 2397 1225 2459; x_wconf 87' lang='lat' dir='ltr'><strong><em>omnia</em></strong></span> <span class='ocrx_word' id='word_1_144' title='bbox 1266 2395 1445 2479; x_wconf 86' lang='lat' dir='ltr'><strong><em>fana</em></strong></span> <span class='ocrx_word' id='word_1_145' title='bbox 1493 2394 1902 2481; x_wconf 80' lang='lat' dir='ltr'><strong><em>depopulatus</em></strong></span> <span class='ocrx_word' id='word_1_146' title='bbox 1948 2407 2070 2471; x_wconf 87' lang='lat' dir='ltr'><strong><em>est,</em></strong></span> <span class='ocrx_word' id='word_1_147' title='bbox 2121 2408 2255 2460; x_wconf 87' lang='lat' dir='ltr'><strong><em>tum</em></strong></span> <span class='ocrx_word' id='word_1_148' title='bbox 2305 2397 2478 2481; x_wconf 87' lang='lat' dir='ltr'><strong><em>[oum</em></strong></span> <span class='ocrx_word' id='word_1_149' title='bbox 2525 2400 2594 2462; x_wconf 89' lang='lat' dir='ltr'><strong><em>in</em></strong></span> <span class='ocrx_word' id='word_1_150' title='bbox 2641 2396 2754 2462; x_wconf 88' lang='lat' dir='ltr'><strong><em>Cn.</em></strong></span> 
     </span>
     <span class='ocr_line' id='line_1_19' title="bbox 374 2498 2756 2588; baseline 0.002 -24"><span class='ocrx_word' id='word_1_151' title='bbox 374 2498 810 2586; x_wconf 75' lang='lat' dir='ltr'><strong><em>Dolabellam]</em></strong></span> <span class='ocrx_word' id='word_1_152' title='bbox 861 2500 1047 2565; x_wconf 82' lang='lat' dir='ltr'><strong><em>scelus</em></strong></span> <span class='ocrx_word' id='word_1_153' title='bbox 1091 2500 1253 2564; x_wconf 82' lang='lat' dir='ltr'><strong><em>illud</em></strong></span> <span class='ocrx_word' id='word_1_154' title='bbox 1297 2524 1479 2564; x_wconf 88' lang='lat' dir='ltr'><strong><em>suum</em></strong></span> <span class='ocrx_word' id='word_1_155' title='bbox 1516 2501 1864 2588; x_wconf 87' lang='lat' dir='ltr'><strong><em>pristinum</em></strong></span> <span class='ocrx_word' id='word_1_156' title='bbox 1911 2503 2222 2566; x_wconf 83' lang='lat' dir='ltr'><strong><em>renovavit</em></strong></span> <span class='ocrx_word' id='word_1_157' title='bbox 2271 2541 2375 2581; x_wconf 91' lang='lat'><strong><em>—,</em></strong></span> <span class='ocrx_word' id='word_1_158' title='bbox 2425 2527 2560 2568; x_wconf 87' lang='lat' dir='ltr'><strong><em>cum</em></strong></span> <span class='ocrx_word' id='word_1_159' title='bbox 2597 2528 2756 2581; x_wconf 87' lang='lat' dir='ltr'><strong><em>eum,</em></strong></span> 
     </span>
     <span class='ocr_line' id='line_1_20' title="bbox 374 2607 2658 2696; baseline 0.002 -25"><span class='ocrx_word' id='word_1_160' title='bbox 374 2610 472 2671; x_wconf 85' lang='lat' dir='ltr'><strong><em>cui</em></strong></span> <span class='ocrx_word' id='word_1_161' title='bbox 516 2607 747 2691; x_wconf 78' lang='lat' dir='ltr'><strong><em>leqatus</em></strong></span> <span class='ocrx_word' id='word_1_162' title='bbox 794 2620 853 2672; x_wconf 85' lang='lat' dir='ltr'><strong><em>et</em></strong></span> <span class='ocrx_word' id='word_1_163' title='bbox 886 2629 1012 2694; x_wconf 87' lang='lat' dir='ltr'><strong><em>pro</em></strong></span> <span class='ocrx_word' id='word_1_164' title='bbox 1060 2620 1376 2693; x_wconf 72' lang='lat' dir='ltr'><strong><em>quaestore</em></strong></span> <span class='ocrx_word' id='word_1_165' title='bbox 1412 2607 1643 2693; x_wconf 80' lang='lat' dir='ltr'><strong><em>suisset</em></strong></span> <span class='ocrx_word' id='word_1_166' title='bbox 1697 2644 1778 2655; x_wconf 89' lang='lat'><strong><em>—-—</em></strong></span> <span class='ocrx_word' id='word_1_167' title='bbox 1825 2612 2206 2695; x_wconf 77' lang='lat' dir='ltr'><strong><em>oppuqnavit</em></strong></span> <span class='ocrx_word' id='word_1_168' title='bbox 2245 2634 2316 2673; x_wconf 86' lang='lat' dir='ltr'><strong><em>ae</em></strong></span> <span class='ocrx_word' id='word_1_169' title='bbox 2353 2614 2658 2696; x_wconf 82' lang='lat' dir='ltr'><strong><em>prodidit.</em></strong></span> 
     </span>
    </p>
   </div>
   <div class='ocr_carea' id='block_1_6' title="bbox 372 2816 2758 3096">
    <p class='ocr_par' dir='ltr' id='par_1_7' title="bbox 372 2816 2758 3096">
     <span class='ocr_line' id='line_1_21' title="bbox 467 2816 2758 2906; baseline 0.003 -25"><span class='ocrx_word' id='word_1_170' title='bbox 467 2816 537 2881; x_wconf 88' lang='lat' dir='ltr'><strong><em>In</em></strong></span> <span class='ocrx_word' id='word_1_171' title='bbox 601 2818 635 2902; x_wconf 62' lang='grc' dir='ltr'>ξ</span> <span class='ocrx_word' id='word_1_172' title='bbox 683 2816 805 2906; x_wconf 75' lang='lat'><strong><em>26:</em></strong></span> <span class='ocrx_word' id='word_1_173' title='bbox 868 2820 1038 2883; x_wconf 83' lang='lat' dir='ltr'><strong><em>dedit</em></strong></span> <span class='ocrx_word' id='word_1_174' title='bbox 1100 2820 1261 2883; x_wconf 87' lang='lat' dir='ltr'><strong><em>enim</em></strong></span> <span class='ocrx_word' id='word_1_175' title='bbox 1308 2822 1818 2905; x_wconf 74' lang='lat' dir='ltr'><strong><em>praeroyativam</em></strong></span> <span class='ocrx_word' id='word_1_176' title='bbox 1863 2840 2008 2883; x_wconf 85' lang='lat' dir='ltr'><strong><em>suae</em></strong></span> <span class='ocrx_word' id='word_1_177' title='bbox 2054 2820 2386 2885; x_wconf 82' lang='lat' dir='ltr'><strong><em>voluntatis</em></strong></span> <span class='ocrx_word' id='word_1_178' title='bbox 2429 2825 2758 2901; x_wconf 79' lang='lat' dir='ltr'><strong><em>eiusmodi,</em></strong></span> 
     </span>
     <span class='ocr_line' id='line_1_22' title="bbox 372 2925 2144 3011; baseline 0.001 -24"><span class='ocrx_word' id='word_1_179' title='bbox 372 2936 443 2988; x_wconf 88' lang='lat' dir='ltr'><strong><em>ut</em></strong></span> <span class='ocrx_word' id='word_1_180' title='bbox 490 2925 597 2989; x_wconf 87' lang='lat' dir='ltr'><strong><em>isti</em></strong></span> <span class='ocrx_word' id='word_1_181' title='bbox 633 2947 759 3011; x_wconf 93' lang='lat' dir='ltr'><strong><em>pro</em></strong></span> <span class='ocrx_word' id='word_1_182' title='bbox 796 2926 1255 3011; x_wconf 73' lang='lat' dir='ltr'><strong><em>praeroqativis</em></strong></span> <span class='ocrx_word' id='word_1_183' title='bbox 1300 2942 1420 2989; x_wconf 80' lang='lat' dir='ltr'><strong><em>nm</em></strong></span> <span class='ocrx_word' id='word_1_184' title='bbox 1466 2926 1802 2990; x_wconf 71' lang='lat' dir='ltr'><strong><em>reddidisse</em></strong></span> <span class='ocrx_word' id='word_1_185' title='bbox 1850 2926 2144 2991; x_wconf 84' lang='lat' dir='ltr'><strong><em>videatur.</em></strong></span> 
     </span>
     <span class='ocr_line' id='line_1_23' title="bbox 462 3028 1495 3096; baseline -0.004 -1"><span class='ocrx_word' id='word_1_186' title='bbox 462 3028 750 3096; x_wconf 81' lang='lat' dir='ltr'><strong><em>Correxit</em></strong></span> <span class='ocrx_word' id='word_1_187' title='bbox 796 3033 1097 3095; x_wconf 65' lang='lat' dir='ltr'><strong><em>ommiam</em></strong></span> <span class='ocrx_word' id='word_1_188' title='bbox 1143 3032 1495 3096; x_wconf 71' lang='lat' dir='ltr'><strong><em>reddidisse.</em></strong></span> 
     </span>
    </p>
   </div>
   <div class='ocr_carea' id='block_1_7' title="bbox 362 3241 2762 3862">
    <p class='ocr_par' dir='ltr' id='par_1_8' title="bbox 366 3241 2762 3542">
     <span class='ocr_line' id='line_1_24' title="bbox 459 3241 2760 3332; baseline 0.001 -23"><span class='ocrx_word' id='word_1_189' title='bbox 459 3244 536 3309; x_wconf 88' lang='lat' dir='ltr'><strong><em>In</em></strong></span> <span class='ocrx_word' id='word_1_190' title='bbox 579 3244 617 3330; x_wconf 60' lang='grc' dir='ltr'><strong>ξ</strong></span> <span class='ocrx_word' id='word_1_191' title='bbox 666 3241 790 3310; x_wconf 86' lang='lat'><strong><em>33:</em></strong></span> <span class='ocrx_word' id='word_1_192' title='bbox 858 3248 1153 3332; x_wconf 86' lang='lat' dir='ltr'><strong><em>quoniam</em></strong></span> <span class='ocrx_word' id='word_1_193' title='bbox 1205 3266 1493 3332; x_wconf 75' lang='lat' dir='ltr'><strong><em>puqnare</em></strong></span> <span class='ocrx_word' id='word_1_194' title='bbox 1554 3256 1770 3309; x_wconf 83' lang='lat' dir='ltr'><strong><em>eontra</em></strong></span> <span class='ocrx_word' id='word_1_195' title='bbox 1827 3266 1924 3309; x_wconf 87' lang='lat' dir='ltr'><strong><em>me</em></strong></span> <span class='ocrx_word' id='word_1_196' title='bbox 1967 3246 2296 3309; x_wconf 70' lang='lat' dir='ltr'><strong><em>instituisti</em></strong></span> <span class='ocrx_word' id='word_1_197' title='bbox 2337 3266 2461 3309; x_wconf 90' lang='lat' dir='ltr'><strong><em>non</em></strong></span> <span class='ocrx_word' id='word_1_198' title='bbox 2509 3257 2642 3309; x_wconf 86' lang='lat' dir='ltr'><strong><em>tam</em></strong></span> <span class='ocrx_word' id='word_1_199' title='bbox 2687 3268 2760 3311; x_wconf 74' lang='lat' dir='ltr'><strong><em>ea:</em></strong></span> 
     </span>
     <span class='ocr_line' id='line_1_25' title="bbox 369 3348 2762 3439; baseline 0 -23"><span class='ocrx_word' id='word_1_200' title='bbox 369 3364 477 3416; x_wconf 85' lang='lat' dir='ltr'><strong><em>tua</em></strong></span> <span class='ocrx_word' id='word_1_201' title='bbox 538 3363 773 3417; x_wconf 82' lang='lat' dir='ltr'><strong><em>natura</em></strong></span> <span class='ocrx_word' id='word_1_202' title='bbox 830 3376 1019 3439; x_wconf 84' lang='lat' dir='ltr'><strong><em>quam</em></strong></span> <span class='ocrx_word' id='word_1_203' title='bbox 1064 3374 1139 3415; x_wconf 74' lang='lat' dir='ltr'><strong><em>ex</em></strong></span> <span class='ocrx_word' id='word_1_204' title='bbox 1186 3352 1366 3415; x_wconf 85' lang='lat' dir='ltr'><strong><em>istius</em></strong></span> <span class='ocrx_word' id='word_1_205' title='bbox 1414 3362 1688 3437; x_wconf 86' lang='lat' dir='ltr'><strong><em>tempore</em></strong></span> <span class='ocrx_word' id='word_1_206' title='bbox 1735 3363 1792 3415; x_wconf 92' lang='lat' dir='ltr'><strong><em>et</em></strong></span> <span class='ocrx_word' id='word_1_207' title='bbox 1837 3374 2020 3415; x_wconf 83' lang='lat' dir='ltr'><strong><em>causa</em></strong></span> <span class='ocrx_word' id='word_1_208' title='bbox 2072 3348 2452 3435; x_wconf 81' lang='lat' dir='ltr'><strong><em>[malitiose]</em></strong></span> <span class='ocrx_word' id='word_1_209' title='bbox 2472 3398 2488 3428; x_wconf 87' lang='lat'>‚</span> <span class='ocrx_word' id='word_1_210' title='bbox 2538 3372 2762 3417; x_wconf 85' lang='lat' dir='ltr'><strong><em>necesse</em></strong></span> 
     </span>
     <span class='ocr_line' id='line_1_26' title="bbox 366 3456 2034 3542; baseline -0.002 -21"><span class='ocrx_word' id='word_1_211' title='bbox 366 3470 455 3522; x_wconf 85' lang='lat' dir='ltr'><strong><em>est</em></strong></span> <span class='ocrx_word' id='word_1_212' title='bbox 500 3460 852 3523; x_wconf 68' lang='lat' dir='ltr'><strong><em>istiusmodi</em></strong></span> <span class='ocrx_word' id='word_1_213' title='bbox 896 3458 1134 3523; x_wconf 71' lang='lat' dir='ltr'><strong><em>rationi</em></strong></span> <span class='ocrx_word' id='word_1_214' title='bbox 1178 3456 1387 3542; x_wconf 86' lang='lat' dir='ltr'><strong><em>aliquo</em></strong></span> <span class='ocrx_word' id='word_1_215' title='bbox 1434 3456 1688 3521; x_wconf 79' lang='lat' dir='ltr'><strong><em>consilio</em></strong></span> <span class='ocrx_word' id='word_1_216' title='bbox 1734 3457 2034 3521; x_wconf 80' lang='lat' dir='ltr'><strong><em>obsistere.</em></strong></span> 
     </span>
    </p>

    <p class='ocr_par' dir='ltr' id='par_1_9' title="bbox 362 3560 2757 3862">
     <span class='ocr_line' id='line_1_27' title="bbox 456 3560 2757 3629; baseline -0 -1"><span class='ocrx_word' id='word_1_217' title='bbox 456 3562 773 3629; x_wconf 80' lang='lat' dir='ltr'><strong><em>Assensue</em></strong></span> <span class='ocrx_word' id='word_1_218' title='bbox 818 3568 915 3629; x_wconf 83' lang='lat' dir='ltr'><strong><em>est</em></strong></span> <span class='ocrx_word' id='word_1_219' title='bbox 962 3563 1126 3627; x_wconf 87' lang='lat' dir='ltr'><strong><em>mihi</em></strong></span> <span class='ocrx_word' id='word_1_220' title='bbox 1172 3562 1477 3627; x_wconf 71' lang='lat' dir='ltr'><strong><em>malitiose</em></strong></span> <span class='ocrx_word' id='word_1_221' title='bbox 1522 3560 1720 3627; x_wconf 74' lang='lat' dir='ltr'><strong><em>alicui</em></strong></span> <span class='ocrx_word' id='word_1_222' title='bbox 1769 3560 1964 3627; x_wconf 79' lang='lat' dir='ltr'><strong><em>sciolo</em></strong></span> <span class='ocrx_word' id='word_1_223' title='bbox 2003 3561 2239 3627; x_wconf 86' lang='lat' dir='ltr'><strong><em>deberi.</em></strong></span> <span class='ocrx_word' id='word_1_224' title='bbox 2333 3561 2651 3627; x_wconf 86' lang='lat' dir='ltr'><strong><em>Malitiose</em></strong></span> <span class='ocrx_word' id='word_1_225' title='bbox 2692 3568 2757 3628; x_wconf 89' lang='lat' dir='ltr'><strong><em>et</em></strong></span> 
     </span>
     <span class='ocr_line' id='line_1_28' title="bbox 367 3666 2756 3755; baseline -0.002 -18"><span class='ocrx_word' id='word_1_226' title='bbox 367 3667 666 3737; x_wconf 81' lang='lat' dir='ltr'><strong><em>Cicerone</em></strong></span> <span class='ocrx_word' id='word_1_227' title='bbox 732 3668 1077 3755; x_wconf 77' lang='lat' dir='ltr'><strong><em>indignum</em></strong></span> <span class='ocrx_word' id='word_1_228' title='bbox 1149 3673 1245 3734; x_wconf 82' lang='lat' dir='ltr'><strong><em>est</em></strong></span> <span class='ocrx_word' id='word_1_229' title='bbox 1320 3673 1385 3733; x_wconf 89' lang='lat' dir='ltr'><strong><em>et</em></strong></span> <span class='ocrx_word' id='word_1_230' title='bbox 1455 3666 1818 3733; x_wconf 81' lang='lat' dir='ltr'><strong><em>Hortensio.</em></strong></span> <span class='ocrx_word' id='word_1_231' title='bbox 1914 3666 2106 3733; x_wconf 78' lang='lat' dir='ltr'><strong><em>&#39;Pecto</em></strong></span> <span class='ocrx_word' id='word_1_232' title='bbox 2173 3671 2238 3733; x_wconf 89' lang='lat' dir='ltr'><strong><em>et</em></strong></span> <span class='ocrx_word' id='word_1_233' title='bbox 2301 3668 2542 3734; x_wconf 79' lang='lat' dir='ltr'><strong><em>urbane</em></strong></span> <span class='ocrx_word' id='word_1_234' title='bbox 2589 3669 2756 3734; x_wconf 83' lang='lat' dir='ltr'><strong><em>dixit</em></strong></span> 
     </span>
     <span class='ocr_line' id='line_1_29' title="bbox 362 3773 2754 3862; baseline 0 -21"><span class='ocrx_word' id='word_1_235' title='bbox 362 3776 536 3842; x_wconf 87' lang='lat' dir='ltr'><strong><em>idem</em></strong></span> <span class='ocrx_word' id='word_1_236' title='bbox 601 3776 813 3841; x_wconf 81' lang='lat' dir='ltr'><strong><em>verbis</em></strong></span> <span class='ocrx_word' id='word_1_237' title='bbox 872 3796 947 3840; x_wconf 74' lang='lat' dir='ltr'><strong><em>ea:</em></strong></span> <span class='ocrx_word' id='word_1_238' title='bbox 1009 3777 1189 3840; x_wconf 80' lang='lat' dir='ltr'><strong><em>istius</em></strong></span> <span class='ocrx_word' id='word_1_239' title='bbox 1256 3788 1529 3862; x_wconf 84' lang='lat' dir='ltr'><strong><em>tempore</em></strong></span> <span class='ocrx_word' id='word_1_240' title='bbox 1575 3786 1631 3839; x_wconf 86' lang='lat' dir='ltr'><strong><em>et</em></strong></span> <span class='ocrx_word' id='word_1_241' title='bbox 1677 3796 1860 3838; x_wconf 77' lang='lat' dir='ltr'><strong><em>causa</em></strong></span> <span class='ocrx_word' id='word_1_242' title='bbox 1883 3822 1900 3857; x_wconf 94' lang='lat'>‚</span> <span class='ocrx_word' id='word_1_243' title='bbox 1952 3780 2026 3837; x_wconf 87' lang='lat' dir='ltr'><strong><em>ut</em></strong></span> <span class='ocrx_word' id='word_1_244' title='bbox 2071 3792 2232 3857; x_wconf 79' lang='lat' dir='ltr'><strong><em>quae</em></strong></span> <span class='ocrx_word' id='word_1_245' title='bbox 2279 3773 2459 3839; x_wconf 81' lang='lat' dir='ltr'><strong><em>bonis</em></strong></span> <span class='ocrx_word' id='word_1_246' title='bbox 2507 3774 2754 3841; x_wconf 80' lang='lat' dir='ltr'><strong><em>artibus</em></strong></span> 
     </span>
    </p>
   </div>
   <div class='ocr_carea' id='block_1_8' title="bbox 364 3882 1062 3967">
    <p class='ocr_par' dir='ltr' id='par_1_10' title="bbox 364 3882 1062 3967">
     <span class='ocr_line' id='line_1_30' title="bbox 364 3882 1062 3967; baseline -0.004 -18"><span class='ocrx_word' id='word_1_247' title='bbox 364 3882 614 3949; x_wconf 85' lang='lat' dir='ltr'><strong><em>defendi</em></strong></span> <span class='ocrx_word' id='word_1_248' title='bbox 659 3902 785 3947; x_wconf 89' lang='lat' dir='ltr'><strong><em>non</em></strong></span> <span class='ocrx_word' id='word_1_249' title='bbox 830 3884 1062 3967; x_wconf 80' lang='lat' dir='ltr'><strong><em>posset.</em></strong></span> 
     </span>
    </p>
   </div>
   <div class='ocr_carea' id='block_1_9' title="bbox 361 4088 2752 4388">
    <p class='ocr_par' dir='ltr' id='par_1_11' title="bbox 361 4088 2752 4388">
     <span class='ocr_line' id='line_1_31' title="bbox 450 4088 2750 4179; baseline 0.001 -24"><span class='ocrx_word' id='word_1_250' title='bbox 450 4090 528 4155; x_wconf 89' lang='lat' dir='ltr'><strong><em>In</em></strong></span> <span class='ocrx_word' id='word_1_251' title='bbox 574 4091 610 4175; x_wconf 66' lang='grc' dir='ltr'>ἓ</span> <span class='ocrx_word' id='word_1_252' title='bbox 652 4088 775 4156; x_wconf 86' lang='lat'><strong><em>38:</em></strong></span> <span class='ocrx_word' id='word_1_253' title='bbox 826 4102 1131 4177; x_wconf 75' lang='lat' dir='ltr'><strong><em>coqnoseet</em></strong></span> <span class='ocrx_word' id='word_1_254' title='bbox 1178 4112 1253 4156; x_wconf 75' lang='lat' dir='ltr'><strong><em>ex</em></strong></span> <span class='ocrx_word' id='word_1_255' title='bbox 1298 4114 1395 4157; x_wconf 86' lang='lat' dir='ltr'><strong><em>me</em></strong></span> <span class='ocrx_word' id='word_1_256' title='bbox 1432 4092 1708 4179; x_wconf 87' lang='lat' dir='ltr'><strong><em>populus</em></strong></span> <span class='ocrx_word' id='word_1_257' title='bbox 1753 4090 2082 4156; x_wconf 81' lang='lat' dir='ltr'><strong><em>Romanus</em></strong></span> <span class='ocrx_word' id='word_1_258' title='bbox 2128 4092 2282 4177; x_wconf 88' lang='lat' dir='ltr'><strong><em>quid</em></strong></span> <span class='ocrx_word' id='word_1_259' title='bbox 2325 4093 2406 4155; x_wconf 82' lang='lat' dir='ltr'><strong><em>sit</em></strong></span> <span class='ocrx_word' id='word_1_260' title='bbox 2452 4093 2750 4178; x_wconf 83' lang='lat' dir='ltr'><strong><em>quamob-</em></strong></span> 
     </span>
     <span class='ocr_line' id='line_1_32' title="bbox 361 4200 2747 4284; baseline 0 -23"><span class='ocrx_word' id='word_1_261' title='bbox 361 4220 491 4261; x_wconf 89' lang='lat' dir='ltr'><strong><em>rem</em></strong></span> <span class='ocrx_word' id='word_1_262' title='bbox 536 4222 673 4261; x_wconf 87' lang='lat' dir='ltr'><strong><em>cum</em></strong></span> <span class='ocrx_word' id='word_1_263' title='bbox 720 4211 990 4284; x_wconf 72' lang='lat' dir='ltr'><strong><em>equester</em></strong></span> <span class='ocrx_word' id='word_1_264' title='bbox 1038 4200 1189 4262; x_wconf 89' lang='lat' dir='ltr'><strong><em>ordo</em></strong></span> <span class='ocrx_word' id='word_1_265' title='bbox 1238 4200 1537 4264; x_wconf 78' lang='lat' dir='ltr'><strong><em>iudicaret</em></strong></span> <span class='ocrx_word' id='word_1_266' title='bbox 1584 4220 1778 4262; x_wconf 86' lang='lat' dir='ltr'><strong><em>annos</em></strong></span> <span class='ocrx_word' id='word_1_267' title='bbox 1831 4220 2034 4284; x_wconf 81' lang='lat' dir='ltr'><strong><em>prope</em></strong></span> <span class='ocrx_word' id='word_1_268' title='bbox 2093 4200 2545 4283; x_wconf 76' lang='lat' dir='ltr'><strong><em>quinquaqinta</em></strong></span> <span class='ocrx_word' id='word_1_269' title='bbox 2605 4222 2747 4261; x_wconf 80' lang='lat' dir='ltr'><strong><em>con-</em></strong></span> 
     </span>
     <span class='ocr_line' id='line_1_33' title="bbox 362 4302 2752 4388; baseline 0 -21"><span class='ocrx_word' id='word_1_270' title='bbox 362 4307 565 4367; x_wconf 77' lang='lat' dir='ltr'><strong><em>tinuos</em></strong></span> <span class='ocrx_word' id='word_1_271' title='bbox 630 4307 694 4367; x_wconf 85' lang='lat' dir='ltr'><strong><em>in</em></strong></span> <span class='ocrx_word' id='word_1_272' title='bbox 757 4304 925 4367; x_wconf 78' lang='lat' dir='ltr'><strong><em>nullo</em></strong></span> <span class='ocrx_word' id='word_1_273' title='bbox 987 4306 1181 4367; x_wconf 74' lang='lat' dir='ltr'><strong><em>iudice.</em></strong></span> <span class='ocrx_word' id='word_1_274' title='bbox 1242 4304 1483 4388; x_wconf 87' lang='lat' dir='ltr'><strong><em>[equite</em></strong></span> <span class='ocrx_word' id='word_1_275' title='bbox 1541 4302 1830 4369; x_wconf 84' lang='lat' dir='ltr'><strong><em>Romano</em></strong></span> <span class='ocrx_word' id='word_1_276' title='bbox 1877 4302 2227 4387; x_wconf 78' lang='lat' dir='ltr'><strong><em>iudicante]</em></strong></span> <span class='ocrx_word' id='word_1_277' title='bbox 2279 4325 2352 4367; x_wconf 89' lang='lat' dir='ltr'><strong><em>ne</em></strong></span> <span class='ocrx_word' id='word_1_278' title='bbox 2397 4304 2752 4367; x_wconf 79' lang='lat' dir='ltr'><strong><em>tenuissima</em></strong></span> 
     </span>
    </p>
   </div>
   <div class='ocr_carea' id='block_1_10' title="bbox 365 4410 2754 4579">
    <p class='ocr_par' dir='ltr' id='par_1_12' title="bbox 365 4410 2754 4579">
     <span class='ocr_line' id='line_1_34' title="bbox 365 4410 2754 4499; baseline 0.001 -27"><span class='ocrx_word' id='word_1_279' title='bbox 365 4412 611 4497; x_wconf 80' lang='lat' dir='ltr'><strong><em>quidem</em></strong></span> <span class='ocrx_word' id='word_1_280' title='bbox 659 4412 921 4499; x_wconf 81' lang='lat' dir='ltr'><strong><em>suspicio</em></strong></span> <span class='ocrx_word' id='word_1_281' title='bbox 960 4422 1233 4497; x_wconf 81' lang='lat' dir='ltr'><strong><em>acceptae</em></strong></span> <span class='ocrx_word' id='word_1_282' title='bbox 1264 4412 1560 4497; x_wconf 84' lang='lat' dir='ltr'><strong><em>pecuniae</em></strong></span> <span class='ocrx_word' id='word_1_283' title='bbox 1599 4410 1671 4474; x_wconf 83' lang='lat' dir='ltr'><strong><em>ob</em></strong></span> <span class='ocrx_word' id='word_1_284' title='bbox 1713 4430 1842 4474; x_wconf 86' lang='lat' dir='ltr'><strong><em>rem</em></strong></span> <span class='ocrx_word' id='word_1_285' title='bbox 1883 4411 2281 4475; x_wconf 80' lang='lat' dir='ltr'><strong><em>iudicandam</em></strong></span> <span class='ocrx_word' id='word_1_286' title='bbox 2319 4412 2648 4473; x_wconf 80' lang='lat' dir='ltr'><strong><em>constituta</em></strong></span> <span class='ocrx_word' id='word_1_287' title='bbox 2671 4413 2754 4475; x_wconf 86' lang='lat' dir='ltr'><strong><em>sit</em></strong></span> 
     </span>
     <span class='ocr_line' id='line_1_35' title="bbox 2387 4528 2451 4579; baseline 0 -2"><span class='ocrx_word' id='word_1_288' title='bbox 2387 4528 2451 4579; x_wconf 82' lang='lat'><strong><em>24</em></strong></span> 
     </span>
    </p>
   </div>
  </div>
 </body>
</html>
