3369 5142
1454 344 1789 396 rnnoams.
2675 329 2804 396 309

436 513 703 582 Collatis
765 536 855 582 vs.
919 515 1047 586 17¹7
1103 537 1217 604 sq„
1279 537 1373 584 νε.
1440 517 1571 584 669
1630 539 1749 604 sq„
1812 536 1908 583 vs.
1957 514 2352 603 683-686,
2398 522 2463 584 et
2507 517 2801 605 Xenoph.

434 623 639 689 Anab.
708 622 741 688 Ι
808 645 941 710 cap.
1011 623 1123 690 VI.
1187 623 1247 700 7,
1320 627 1584 690 coniicio
1645 627 1715 690 in
1773 624 1893 690 hoc
1937 623 2296 711 frag-mento
2340 645 2454 710 pro
2500 623 2794 704 ὑμετέρην

434 731 838 796 scribendum
884 751 1018 797 esse
1066 730 1385 812 ἡμετέρην.

530 858 623 902 νε.
678 836 808 902 769
857 859 948 924 sq.

711 945 831 1022 Χρὴ
881 951 1137 1008 Μουσῶν
1182 942 1537 1024 θεράποντα
1582 944 1687 1008 καὶ
1739 942 2018 1024 ἄγγελον
2065 945 2178 1010 εἴτι
2227 945 2504 1027 περισσόν

800 1049 979 1122 εἰδείη
1002 1099 1019 1128 ,
1068 1051 1287 1131 σοφίης
1334 1055 1423 1128 μη
1469 1048 1765 1133 φθονερὸν
1810 1049 2108 1116 τελέθειν.

438 1157 775 1243 optativus
822 1156 1000 1229 εἰδείη
1048 1157 1327 1242 postulat
1372 1164 1448 1223 ut
1489 1159 1611 1240 χρὴ
1659 1162 1947 1224 mutetur
1993 1161 2058 1223 in
2105 1167 2281 1240 χρῆν.

529 1285 622 1330 νε.
672 1262 804 1330 805
854 1286 983 1350 sqq.

707 1370 927 1450 Τύρνου
976 1371 1081 1436 καὶ
1130 1371 1422 1449 στάθμης
1474 1371 1576 1435 καὶ
1624 1372 1926 1450 γνώμονας
1973 1370 2166 1454 ἀνδρα
2223 1371 2470 1453 θεωρεῖν

812 1476 1135 1558 εὐθύτερον
1178 1482 1299 1559 χρή
1348 1503 1482 1557 μιν,
1534 1477 1752 1562 Κύρνε,
1800 1477 2308 1560 φυλασσόμενον,

714 1581 756 1666 ᾧ
802 1585 921 1650 τινί
967 1610 1067 1650 κεν
1114 1585 1356 1650 Πυθῶνι
1404 1583 1548 1650 θεοῦ
1595 1585 1869 1666 χρήσασ’
1918 1585 2105 1665 ἱέρεια

796 1694 1003 1772 ὀμφὴν
1051 1693 1289 1773 σημήνῃ
1334 1692 1526 1762 πίονος
1578 1689 1645 1766 ἐξ
1691 1691 1934 1756 ἀδύτου.

711 1797 851 1863 οὔτε
896 1823 953 1864 τι
1002 1799 1129 1879 γὰρ
1176 1796 1461 1878 προσθεὶς
1507 1797 1671 1862 οὐδέν
1721 1801 1777 1860 κ’
1825 1795 1912 1860 ἔτι
1963 1796 2296 1879 φάρμακον
2347 1797 2568 1878 εὕροις,

789 1903 917 1970 οὔτ’
962 1906 1213 1986 ἀφελὼν
1261 1907 1403 1984 πρὸς
1451 1902 1609 1968 θεῶν
1652 1905 2022 1980 ἀμπλακίην
2069 1904 2431 1984 προφύγοις.

434 2013 673 2078 Afferro
734 2012 905 2077 hunc
968 2012 1181 2078 locum
1244 2031 1321 2076 ex
1365 2013 1723 2078 recensione
1773 2010 2022 2076 Sitsleri
2040 2062 2058 2096 ,
2107 2032 2258 2077 cum
2304 2033 2428 2098 qua
2471 2016 2808 2081 concordat
2879 2017 2882 2021 ’

435 2118 862 2207 Ziegleriana,
934 2120 1060 2183 nisi
1129 2119 1295 2203 quod
1365 2097 1619 2184 exhibet
1686 2120 1807 2198 χρη
1880 2121 2008 2182 νοῦν
2071 2139 2106 2183 e
2171 2122 2527 2204 conjectura
2574 2118 2799 2188 Geelii.

436 2223 735 2291 Ceterum
794 2224 1095 2291 lectiones
1140 2227 1434 2291 codicum
1450 2275 1468 2309 ,
1516 2226 1802 2290 virorum
1850 2225 2177 2289 doctorum
2227 2225 2693 2293 emendationes
2743 2233 2808 2294 et

435 2334 829 2398 coniecturae
896 2332 1233 2397 videantur
1296 2331 1463 2418 apud
1522 2330 1885 2419 Zieglerum
1905 2378 1922 2407 ‚
1987 2329 2327 2397 Sitslerum
2347 2381 2366 2415 ‚
2423 2331 2804 2421 Bergkium.

436 2437 675 2504 Omnes
735 2439 1005 2505 editores
1068 2443 1133 2504 et
1189 2441 1596 2524 interpretes,
1663 2441 1974 2522 quantum
2035 2439 2166 2503 scio
2184 2485 2200 2514 ,
2267 2437 2384 2504 hac
2431 2441 2501 2503 in
2544 2459 2612 2504 re
2660 2460 2804 2506 con-

436 2546 676 2631 spirant
722 2545 887 2631 quod
921 2549 1173 2631 poetam
1215 2545 1529 2613 dicentem
1564 2545 1806 2611 faciunt
1845 2543 2084 2611 oraculi
2124 2543 2546 2611 consultorem
2589 2546 2806 2615 decere

435 2652 879 2737 perpendiculo
948 2658 1013 2717 et
1082 2655 1321 2718 amussi
1381 2655 1710 2718 rectiorem
1772 2672 1924 2717 esse.
2020 2649 2351 2716 Turnebus
2415 2656 2631 2717 autem
2690 2656 2808 2719 soli

435 2758 743 2823 vocabulo
802 2782 908 2835 μιν
968 2759 1128 2823 hanc
1182 2760 1319 2823 vim
1382 2760 1610 2824 tribuit
1672 2762 1747 2822 ut
1793 2755 2138 2845 significet:
2200 2757 2306 2839 „id
2354 2759 2522 2842 quod
2565 2758 2808 2845 Pythis

436 2864 887 2948 responderit.''
975 2863 1212 2944 Quodsi
1280 2885 1429 2929 vero
1492 2865 1571 2929 ad
1617 2866 1948 2949 participia
1995 2860 2284 2941 προσθεὶς
2332 2868 2398 2929 et
2442 2866 2693 2945 ἀφελὼν
2738 2868 2806 2931 in

436 2966 558 3033 fine
603 2972 949 3035 sententiae
992 2973 1283 3035 animum
1328 2970 1671 3036 attenderis
1691 3020 1708 3055 ,
1752 2970 2078 3055 apparebit
2125 2969 2242 3035 hoc
2289 2969 2623 3036 admonere
2660 2992 2804 3057 poe-

436 3086 571 3140 tam
628 3082 703 3141 ut
751 3096 875 3141 vox
920 3078 1089 3161 ipsa,
1138 3097 1325 3161 quam
1374 3098 1450 3141 ex
1496 3076 1691 3162 adyto
1735 3074 1976 3162 Pythia
2023 3076 2304 3158 miserit,
2352 3077 2800 3163 perpendiculo

435 3185 499 3245 et
560 3181 799 3246 amussi
860 3186 1090 3247 rectior
1146 3188 1467 3265 servetur,
1516 3188 1706 3267 atque
1754 3179 2056 3259 εἲθύτερον
2101 3182 2486 3247 mutandum
2556 3202 2690 3249 esse
2737 3186 2806 3249 in

436 3284 763 3367 εὖθυτέρην
805 3286 911 3355 vel
955 3291 1203 3373 potius,
1245 3287 1495 3354 collatis
1536 3308 1665 3353 vss.
1711 3286 1864 3353 330.
1908 3285 2059 3353 396.
2091 3286 2246 3352 535.
2280 3286 2472 3351 1026.
2499 3286 2804 3369 ἰθυτέρην,

433 3399 508 3458 ut
552 3396 713 3461 ratio
758 3395 1071 3461 scribendi
1116 3394 1239 3459 sibi
1286 3400 1547 3461 constet.
1595 3393 1737 3459 Hac
1783 3393 1912 3459 leni
1959 3396 2315 3459 mutatione
2347 3392 2514 3461 facta
2530 3442 2548 3473 ,
2591 3400 2796 3461 totum

430 3499 647 3565 locum
690 3502 783 3567 sic
828 3504 1321 3587 transposuerim
1368 3506 1433 3566 et
1479 3502 1959 3567 constituerim:

707 3602 749 3685 ᾧ
794 3608 914 3671 τινί
959 3632 1059 3671 κεν
1105 3606 1347 3673 Πυθῶνι
1396 3605 1543 3672 θεοῦ
1592 3607 1861 3688 xmo-ao*
1909 3604 2096 3684 ἱέρεια

794 3713 999 3792 ὀμφὴν
1047 3716 1283 3792 σημήνῃ
1328 3714 1522 3784 πίονος
1572 3711 1640 3788 ἐξ
1682 3710 1931 3795 ἀδύτου,

709 3818 909 3897 τόρνου
957 3820 1058 3882 καὶ
1108 3817 1404 3896 στάθμης
1454 3819 1557 3883 καὶ
1608 3818 1909 3896 γνώμονας
1958 3816 2146 3898 ἀνδρα
2194 3815 2415 3899 θεωρόν

795 3922 1075 4004 ἱθυτέρην
1118 3928 1239 4005 χρή
1286 3949 1429 4010 μιν,
1475 3926 1702 4006 Κύρνε,
1750 3926 2254 4006 φυλασσέμεναι.

432 4054 525 4097 νε.
581 4029 711 4097 865
760 4052 890 4117 sqq.

707 4144 966 4209 Πολλοῖς
1016 4138 1380 4218 ἀχρήστοισι
1428 4136 1569 4209 θεὸς
1621 4136 1775 4202 διδοῖ
1813 4137 2100 4218 ἀνδράσιν
2146 4136 2332 4215 ὄλβον

798 4242 1058 4328 ἐσθλόν,
1106 4240 1167 4317 ὃς
1219 4243 1351 4309 οὔτ’
1404 4244 1568 4323 αὐτῷ
1614 4243 1942 4321 βέλτερος,
1994 4244 2157 4309 οὐδὲν
2203 4245 2344 4328 ἐών,

705 4349 842 4415 οὔτε
892 4351 1132 4429 φίλοις·
1181 4352 1401 4429 ἀρετῆς
1450 4350 1513 4415 δὲ
1562 4350 1742 4429 μέγα
1787 4350 1960 4423 κλέος
2009 4350 2216 4416 οὔποτ’
2266 4352 2524 4428 ὀλεῖται,

798 4458 1118 4536 αἱχμητης
1169 4456 1295 4536 γὰρ
1341 4457 1486 4535 ἀνὴρ
1532 4466 1653 4535 γῆν
1699 4480 1770 4520 τε
1820 4456 1924 4521 καὶ
1973 4454 2136 4520 ἀστυ
2183 4464 2342 4522 σαοῒ.
