3369 5142
1402 320 1789 377 corneorum.
2657 308 2788 380 255

496 494 716 565 Alexis
762 498 931 585 apud
978 498 1211 565 Athen.
1259 498 1347 565 IV
1392 521 1457 586 p.
1516 498 1642 567 133
1692 498 1746 564 B
1789 500 1886 565 ita
1929 502 2252 587 scripsisse
2296 500 2698 589 perhibetur:

1472 611 1578 671 σοῦ
1626 604 1681 671 δ’
1733 608 1854 683 ἐγὼ
1903 608 2238 689 λαλιςέραν

858 714 925 777 οὗ
974 712 1211 778 πώποτ’
1260 709 1416 778 εἶδον
1463 714 1596 779 οὐδὲ
1644 716 1995 799 κερκώπην,
2042 717 2262 795 γύναι,

862 820 929 884 οὒ
977 818 1226 892 κίτταν,
1281 822 1389 885 οὐκ
1434 816 1659 897 ἀηδόν’,
1707 818 1847 884 οὔτε
1895 822 2158 901 τρυγόν’,
2204 824 2271 887 οὗ

864 924 1155 1004 τέττιγα.

406 1032 505 1098 De
563 1033 667 1099 his
728 1033 1016 1100 versibus
1078 1034 1311 1121 quibus
1374 1035 1648 1099 maritus
1711 1034 2038 1121 garrulam
2096 1056 2359 1101 uxorem
2403 1039 2784 1115 insectetur,

410 1136 689 1206 Cobetus
750 1144 888 1229 egit
944 1144 1013 1206 in
1072 1141 1319 1207 Mnem.
1387 1139 1495 1205 IV.
1562 1138 1712 1204 129.
1782 1136 1996 1205 Codex
2042 1140 2272 1208 habet:
2321 1144 2426 1207 οὐκ
2475 1143 2676 1217 ἀηδόν’
2720 1145 2784 1209 οὐ

410 1246 653 1325 τρυγόν’
710 1249 775 1311 οὔ
822 1246 1125 1326 τέττιγα·
1176 1248 1344 1335 quod
1391 1268 1589 1333 quum
1639 1254 1806 1312 stare
1851 1267 1976 1312 non
2021 1258 2266 1334 posset,
2317 1248 2634 1315 Porsonus
2685 1272 2788 1316 re-

406 1355 624 1437 posuit
684 1353 753 1417 id
816 1354 984 1439 quod
1028 1352 1389 1419 Meinekius
1435 1352 1636 1419 edidit
1680 1374 1746 1441 p.
1799 1352 1966 1417 420:
2017 1352 2200 1419 οὕτε
2246 1355 2489 1435 τρυγόν’
2536 1358 2601 1420 οὐ
2648 1355 2787 1421 τέτ·

410 1481 587 1536 τιγα.
682 1457 1011 1545 Improbat
1086 1457 1365 1527 Cobetus
1446 1458 1715 1525 Porsoni
1784 1460 2240 1545 conjecturam,
2312 1483 2462 1526 nam
2535 1462 2790 1528 molesti

408 1567 661 1631 numeri
724 1572 875 1631 sunt
932 1573 997 1632 et
1043 1566 1127 1631 οὔ
1142 1591 1226 1631 τε
1286 1570 1653 1652 importune
1713 1567 2016 1630 inseritur
2072 1569 2240 1631 inter
2295 1568 2400 1631 οὐκ
2450 1566 2674 1640 ἀηδόνα
2725 1574 2790 1634 et

412 1671 477 1735 οὐ
540 1672 848 1751 τέττιγα,
911 1694 1025 1739 nec
1084 1672 1347 1751 χελιδὼν
1394 1673 1609 1737 omitti
1654 1673 1867 1757 potuit
1913 1674 1978 1736 in
2025 1672 2145 1737 hoc
2191 1693 2389 1761 grege
2433 1676 2656 1739 avium
2700 1674 2790 1740 lo-

412 1782 733 1865 quacium.
825 1777 951 1845 His
998 1781 1397 1867 argumentis
1442 1797 1597 1843 usus
1641 1780 1930 1842 restituit
1976 1776 2284 1845 Cobetus:

913 1886 981 1950 οὗ
1027 1889 1283 1963 κίτταν,
1331 1885 1440 1949 οὐκ
1487 1883 1712 1968 ἀηδόν’,
1759 1887 1837 1948 οὐ
1886 1884 2319 1965 χελιδόνα,

907 1994 971 2057 οὐ
1020 1990 1277 2071 τρυγόν’,
1332 1992 1397 2056 οὐ
1438 1990 1732 2067 τέττιγα.

415 2100 598 2183 Quod
668 2101 885 2187 arguit
952 2098 1232 2165 Cobetus
1250 2145 1267 2177 ,
1334 2101 1500 2163 inter
1568 2099 1635 2162 οὗ
1697 2104 1761 2162 et
1829 2098 1894 2161 οὐ
1942 2096 2114 2163 haud
2161 2105 2328 2165 recte
2371 2099 2512 2164 οὔτε
2559 2102 2752 2165 inseri
2771 2149 2789 2179 ,

414 2206 555 2273 fieri
621 2212 831 2293 potest
889 2212 962 2270 nt
1022 2206 1342 2271 Porsonus
1404 2204 1481 2269 de
1543 2224 1617 2269 ee.
1661 2225 1730 2270 re
1777 2202 1963 2269 aliter
2011 2208 2292 2271 senserit.
2385 2207 2631 2294 Attigit
2673 2206 2793 2272 hoc

412 2312 760 2379 Elmsleius
804 2312 881 2378 sd
930 2312 1151 2398 Eurip.
1201 2310 1379 2378 Med.
1434 2308 1643 2389 1316;
1697 2310 1874 2376 aflert
1921 2333 1984 2377 v.
2010 2333 2063 2377 c.
2109 2312 2337 2377 Aesch.
2379 2310 2591 2378 Prom.
2621 2310 2788 2379 450:

867 2416 1085 2503 ἔφυρον
1131 2420 1265 2493 εἰκῆ
1312 2418 1528 2483 πάντα
1576 2419 1814 2482 κοῦτε
1862 2414 2240 2499 πλινθυφεῖς

868 2526 1085 2604 δόμους
1135 2524 1486 2606 προσείλους
1534 2520 1724 2606 ἦσαν,
1775 2526 1852 2590 οὖ
1898 2518 2310 2606 ξυλουργίαν.,

414 2639 529 2704 nbi
583 2635 900 2702 Por-sonus
960 2654 1085 2699 non
1149 2631 1339 2709 tulit,
1388 2631 1555 2718 quod
1600 2634 1669 2695 in
1714 2628 2051 2696 Alexidem
2097 2633 2266 2697 ultro
2307 2631 2531 2698 intulit
2579 2635 2788 2698 conie-

415 2744 659 2828 citque:
722 2740 888 2806 κοῦτι
952 2735 1363 2818 πλινθυφεῖς,
1416 2758 1532 2803 nec
1580 2738 1892 2825 cogitavit
1937 2738 2131 2824 paulo
2177 2737 2534 2826 elegantius
2581 2761 2792 2806 emen-

414 2849 550 2914 dari
598 2869 808 2934 posse:
858 2845 977 2911 05⁶*
1027 2845 1388 2928 ὑλουργίαν,
1434 2847 1503 2908 in
1549 2864 1742 2928 quam
1792 2845 2214 2929 suspicionem
2266 2844 2463 2910 miror
2507 2844 2788 2911 nondum

414 2974 802 3042 quemquam
870 2951 1189 3016 incidisse.
1284 2950 1406 3016 Sed
1474 2957 1625 3015 sunt
1696 2949 1904 3015 multo
1967 2949 2180 3035 plures
2243 2951 2401 3026 loci,
2466 2973 2622 3038 quos
2666 2973 2790 3018 non

415 3069 551 3128 tam
596 3058 784 3126 facile
830 3057 1298 3134 emendaveris3
1348 3055 1588 3144 legitur
1632 3078 1694 3122 v.
1746 3077 1802 3122 c.
1847 3059 1916 3121 in
1965 3059 2204 3122 vicinia
2249 3079 2340 3123 vs.
2394 3057 2562 3124 480:

867 3165 936 3229 τὸ
982 3165 1098 3243 μὲν
1143 3163 1433 3248 μέγιςον,
1480 3163 1537 3226 εἴ
1580 3186 1673 3235 τις
1724 3163 1784 3233 ἐς
1833 3161 2000 3226 νόσον
2047 3165 2221 3228 πέσοι

866 3274 998 3336 οὐκ
1046 3265 1113 3344 ἦν
1160 3267 1436 3345 ἀλέξημ’
1487 3267 1680 3344 οὐδέν,
1728 3266 1815 3331 οὔ
1831 3292 1915 3332 τε
1961 3265 2301 3349 βρώσιμον,

862 3379 943 3442 οὐ
990 3376 1241 3457 χριςόν,
1291 3375 1473 3440 οὔτε
1520 3373 1716 3442 πιςόν.

412 3485 754 3574 Sophocles
799 3484 1052 3568 scripsit
1096 3485 1165 3546 in
1210 3479 1534 3567 Oedipode
1582 3477 1855 3546 Coloneo
1901 3501 1994 3545 vs.
2045 3479 2218 3546 972:

865 3585 926 3661 ὃς
972 3589 1056 3655 οὗ
1071 3613 1157 3653 τε
1202 3587 1461 3666 βλαςας
1512 3613 1605 3652 πω
1655 3583 2021 3665 γενεθλίους
2071 3589 2305 3668 πατρὸς

868 3698 949 3762 οὗ
995 3696 1218 3776 μητρὸς
1270 3689 1465 3772 εἶχον,
1516 3695 1666 3759 αλλ’
1714 3694 2048 3772 α’γέννητος
2096 3693 2229 3758 τότ’
2277 3689 2333 3769 ἦ.

415 3805 497 3874 In
538 3803 867 3891 Euripidis
915 3799 1137 3867 Oreste
1182 3822 1275 3868 vs.
1331 3799 1417 3866 39
1464 3799 1740 3889 legitur:

867 3905 1041 3974 ἕκτον
1086 3907 1150 3971 δὲ
1197 3907 1268 3982 δη
1320 3907 1441 3972 τόδ’
1490 3901 1692 3992 ἦμαρ,
1743 3905 1812 3985 ἐξ
1848 3901 1986 3971 ὅτου
2034 3911 2328 3988 σφαγαῖς

868 4017 1133 4080 θανοῦσα
1180 4017 1380 4096 μήτηρ
1427 4014 1567 4095 πυρὶ
1617 4014 1988 4092 καθήγνιςαι
2036 4013 2268 4092 δέμας,

868 4117 944 4188 ὧν
991 4120 1173 4186 οὔτε
1221 4127 1370 4185 σῖτα
1418 4119 1519 4186 δια
1566 4119 1732 4200 δέρην
1781 4119 2065 4196 ἐδέξατο,

870 4231 954 4296 οὒ
998 4229 1202 4309 λούτρ’
1249 4225 1431 4294 ἔδωκε
1477 4225 1696 4309 χρωτί.

419 4335 657 4404 Itidem
680 4359 781 4404 vs.
809 4338 931 4404 46:
982 4335 1143 4415 ἔδοξε
1193 4333 1249 4401 δ’
1292 4339 1517 4416 ’Ἄργει
1565 4334 1718 4416 τῷδε
1767 4331 1958 4410 μήθ’
2008 4336 2175 4411 ἡμᾶς
2214 4333 2467 4419 esycum,

983 4444 1083 4522 μὴ
1120 4441 1260 4526 πυρὶ
1289 4437 1626 4524 δέχεσθαι,
1658 4445 1861 4518 μήτε
1899 4441 2006 4528 (an
2029 4441 2214 4522 μηδὲ)
2237 4448 2611 4522 προσφωνεῖν
2636 4463 2798 4506 τινα.
