3369 5142
1434 337 1555 388 rao
1599 336 1851 390 cumo.
2710 313 2842 387 221

461 516 587 580 ext.
640 509 681 578 4
734 516 848 592 „ut
892 531 1125 578 nomen
1170 512 1309 578 eius
1354 531 1465 596 per
1510 514 1720 578 totum
1763 517 2079 578 terrarum
2123 512 2364 580 orbem·
2381 511 2840 579 dissiceretur.”

554 616 662 685 38.
722 616 887 704 „leni
934 637 1085 685 vero
1132 623 1197 685 et
1245 616 1544 683 clementi
1595 619 1763 704 patri
1813 657 1895 668 -
1945 615 2068 684 filii
2113 638 2306 684 causa
2353 622 2449 684 est
2503 617 2842 703 expeditis-

457 723 660 790 >sima'’
730 745 857 790 non
914 729 1125 811 potest
1178 725 1467 790 excusari
1528 725 1653 789 nisi
1713 745 1826 810 per
1874 723 2383 802 anacoluthiam;
2433 745 2583 790 nam
2641 726 2848 809 „patri

462 851 654 898 eausa
718 836 817 897 est
884 828 1397 916 expeditissima”
1467 827 1824 917 signifieat:
1896 835 2074 915 pater
2141 850 2209 896 se
2279 829 2464 895 facile
2509 829 2840 895 defendere

464 942 691 1023 potest.
749 935 973 1021 Itaque
1030 936 1285 1002 dativus
1346 937 1595 1021 positus
1659 935 1910 1002 dicatur
1957 935 2125 1021 quod
2174 935 2518 1002 excusandi
2571 934 2842 1001 verbum

462 1046 531 1110 in
588 1049 803 1109 mente
863 1041 1139 1110 habebat
1194 1046 1423 1108 orator.
1516 1040 1744 1108 Malim
1793 1040 2149 1109 ablativum
2185 1054 2374 1130 patre
2394 1090 2408 1118 ,
2464 1061 2580 1108 nec
2627 1045 2841 1106 tamen

461 1149 740 1215 clemente
784 1153 1115 1234 propterea
1174 1149 1599 1214 necessarium
1646 1149 1924 1214 dixerim
1942 1198 1961 1223 ,
2012 1148 2313 1234 quoniam
2364 1149 2664 1214 attributi
2709 1149 2847 1214 vim

460 1255 654 1322 habet
717 1254 1185 1342 quodammodo
1226 1273 1297 1308 =
1340 1257 1396 1320 si
1457 1255 1572 1332 sit,
1632 1255 1852 1339 (adsit)
1901 1261 2096 1340 ‚pater
2155 1237 2202 1321 1‘.
2251 1258 2317 1320 et
2364 1254 2480 1334 cl.;
2549 1273 2698 1319 cum
2745 1253 2854 1320 hoc

458 1362 697 1452 populo
766 1360 1257 1447 comparandum
1327 1363 1441 1426 est.
1536 1358 1611 1424 In
1674 1360 1995 1445 proximis
2061 1381 2265 1446 „quae
2326 1359 2588 1425 haberet
2633 1357 2848 1445 palam

467 1469 793 1536 decretum
834 1486 1084 1550 semper
1128 1463 1452 1550 aliquem”
1502 1465 1796 1532 dekctum
1850 1503 1930 1514 —
1980 1466 2284 1554 aliquem,
2335 1464 2505 1550 quod
2552 1461 2854 1532 Garrato-

464 1577 611 1644 nius
681 1574 1007 1660 proposuit
1027 1620 1041 1648 ,
1117 1573 1228 1637 vix
1296 1569 1574 1636 latinum
1644 1577 1742 1636 est
1751 1590 1770 1651 ;
1841 1574 2190 1656 requiritur
2252 1571 2495 1657 aliquid
2562 1573 2629 1636 in
2690 1569 2853 1635 hanc

466 1681 883 1757 sententiam;
952 1683 1303 1746 amatorem
1321 1724 1339 1753 ,
1405 1681 1780 1745 sectatorem
1804 1723 1822 1754 ,
1883 1682 2030 1743 aut:
2081 1679 2500 1755 comitatum,
2547 1695 2851 1764 gregem;

466 1787 757 1871 proxime
803 1783 1082 1850 accedit:
1130 1784 1205 1848 de
1250 1792 1525 1860 caterva,
1580 1781 1692 1846 sed
1735 1767 1820 1848 'de
1861 1788 2033 1848 certa
2085 1781 2528 1849 emendatione
2572 1781 2854 1867 despero.

562 1889 670 1955 38.
734 1887 927 1968 „huic
990 1889 1163 1953 tristi
1222 1907 1294 1953 ac
1353 1886 1603 1953 derecto
1654 1887 1851 1956 seni.''
1899 1887 2050 1956 Sine
2098 1888 2292 1955 dubio
2337 1893 2508 1956 recte
2553 1908 2622 1954 se
2666 1887 2858 1954 habet

474 1997 747 2064 derectus
763 2039 781 2074 ‚
850 2014 975 2060 non
1042 1993 1339 2071 directus,
1418 2012 1567 2058 nam
1632 2013 1756 2079 quo
1819 2000 1969 2059 sunt
2029 1997 2415 2081 antiquiores
2477 1993 2721 2060 codices
2783 2012 2857 2058 eo

472 2100 864 2168 constantius
923 2100 1198 2186 priorem
1265 2097 1447 2194 illam
1510 2099 1783 2164 formam
1849 2105 2144 2166 servant:
2203 2110 2498 2168 constans
2545 2104 2643 2166 est
2689 2097 2857 2185 apud

470 2206 843 2278 Lucretium
918 2204 1179 2292 (Mnnro
1242 2204 1321 2270 ad
1382 2203 1499 2268 VI.
1563 2205 1720 2288 823)
1741 2254 1758 2281 ‚
1818 2208 2087 2287 derectus
2133 2211 2198 2272 et
2241 2209 2511 2292 derigere
2556 2205 2854 2270 undecies

471 2311 645 2400 apud
708 2309 1067 2398 Vergilium
1091 2359 1109 2388 ,
1168 2309 1369 2378 semel
1414 2315 1633 2376 eontra
1676 2310 1785 2395 (cs.
1835 2311 2023 2378 Ribb.
2076 2312 2206 2386 ind,
2259 2333 2538 2400 gramm.
2588 2333 2650 2376 v.
2703 2310 2856 2395 de);

472 2421 799 2504 dereqatur
869 2414 1001 2484 Oic.
1074 2414 1373 2503 palimps.
1436 2415 1515 2482 de
1576 2437 1708 2502 rep.
1769 2415 1850 2482 II.
1915 2415 2022 2482 31.
2089 2417 2174 2484 55
2191 2438 2208 2495 ς
2277 2415 2566 2484 Caesaris
2611 2415 2858 2482 codices

474 2526 743 2613 septies:
798 2525 1103 2609 „derectae
1141 2521 1221 2589 ad
1266 2521 1830 2611 perpendiculum”
1879 2523 2087 2593 trabes
2136 2528 2200 2590 et
2245 2523 2502 2589 similia.
2540 2523 2641 2609 (ci.
2693 2520 2860 2587 Ellis

474 2616 617 2698 ann.
680 2632 821 2697 crit.
871 2630 950 2700 ad
994 2627 1366 2713 Catullum,
1425 2628 1536 2694 22.
1586 2628 1649 2705 8,
1705 2628 2083 2715 Oudendorp
2135 2630 2215 2696 ad
2260 2627 2405 2695 BG
2451 2627 2559 2694 IV.
2613 2626 2716 2695 17.
2771 2628 2860 2706 4).

476 2738 571 2805 Ex
636 2737 822 2803 Livio
884 2738 1137 2804 enotavi
1188 2737 1467 2814 „derecta
1512 2735 1937 2820 percontatio”
1983 2735 2166 2802 xxl.
2228 2736 2340 2811 19,
2392 2734 2589 2799 Porro
2638 2731 2858 2799 XXII.

478 2842 595 2909 19:
660 2846 1020 2923 „derexerat
1076 2843 1145 2907 in
1192 2861 1479 2927 pugnam
1524 2861 1718 2909 naves
1767 2840 1944 2925 (Put.
1996 2840 2230 2929 colu).
2278 2839 2457 2907 XXI.
2510 2840 2634 2906 47:
2684 2839 2862 2918 „acie

470 2947 739 3017 derecta”
802 2946 980 3035 (Put.
1029 2944 1210 3013 colb.
1257 2944 1484 3029 Med.),
1548 2942 1599 3009 1.
1650 2944 1739 3013 27
1758 2970 1786 3009 :-
1831 2948 2099 3032 „dert‘9it
2143 2948 2328 3014 suos”
2384 2944 2610 3033 (Par.)‚
2659 2952 2726 3011 et
2774 2944 2864 3011 sic

472 3054 959 3142 Bambergensis
1029 3049 1359 3117 XXXVII.
1424 3048 1531 3116 27.
1601 3050 1641 3115 4
1705 3057 1769 3117 et
1836 3049 1944 3117 23.
2014 3051 2098 3117 10
2161 3058 2228 3118 et
2287 3052 2395 3117 31.
2445 3052 2484 3117 5
2535 3050 2864 3139 (derectis).

472 3160 785 3251 Magnam
846 3159 1000 3225 huic
1056 3157 1299 3225 formae
1314 3204 1329 3231 .
1380 3157 1829 3222 auctoritatem
1879 3156 2176 3223 conciliat
2224 3162 2529 3244 perpetua
2574 3157 2860 3224 confusio

472 3288 623 3333 cum
682 3267 953 3333 decretus
971 3314 988 3339 ‚
1053 3262 1391 3331 manifesto
1438 3264 1588 3327 nata
1636 3278 1718 3325 ex
1765 3262 2035 3327 derectus
2055 3311 2073 3339 ,
2121 3260 2400 3329 librariis
2445 3264 2669 3349 ignota
2697 3310 2714 3337 ,
2765 3283 2866 3329 eo·

472 3394 595 3458 que
643 3371 955 3438 indicium
1003 3370 1142 3437 veri
1186 3366 1488 3455 praebent
1536 3368 1737 3432 etiam
1785 3369 2160 3433 recentiores
2207 3367 2470 3433 codices.
2518 3366 2653 3433 Oie.
2699 3367 2779 3434 de
2817 3366 2863 3433 l.

470 3478 639 3567 Agr.
701 3475 785 3543 11.
854 3473 959 3559 17,
1027 3472 1149 3539 44:
1216 3473 1499 3551 „directo
1546 3480 1611 3539 et
1656 3469 1873 3558 palam
1920 3475 2246 3561 regionem
2293 3472 2476 3538 illam
2524 3474 2858 3558 peterent”

472 3580 621 3651 libri
684 3584 949 3658 decreto,
1015 3579 1363 3665 eademque
1409 3580 1684 3645 varietas
1729 3580 1990 3643 notatur
2037 3598 2148 3663 pro
2197 3576 2380 3645 Caec.
2429 3578 2491 3652 8.
2541 3577 2646 3657 22,
2709 3579 2861 3647 Liv.

472 3684 795 3754 XXXIV.
843 3682 946 3752 28.
1005 3683 1075 3749 6:
1133 3687 1309 3763 „acie
1345 3682 1645 3767 dccv-ew,
1692 3682 1924 3750 Bamb.
1967 3682 2268 3751 similiter
2293 3683 2621 3751 XXXVII.
2657 3684 2764 3751 23.
2798 3686 2856 3764 7,

472 3793 611 3859 XL.
682 3791 795 3861 30.
864 3790 905 3855 6
952 3788 1057 3877 (cf.
1106 3790 1463 3873 Drakenb.)
1510 3789 1565 3854 Ι.
1620 3790 1726 3854 11.
1778 3786 1818 3853 9
1869 3789 2048 3869 (libri
2093 3793 2326 3857 demto
2376 3790 2478 3858 vel
2526 3795 2602 3858 de
2647 3794 2856 3878 recto).

474 3899 553 3965 In
622 3896 877 3965 Catullo
944 3897 1050 3961 22.
1114 3894 1157 3960 8
1222 3894 1342 3961 snb
1404 3892 1719 3961 librorum
1786 3893 2060 3962 lectione
2123 3899 2354 3963 desecta
2413 3898 2572 3965 latet
2631 3918 2856 3963 verum

472 4006 726 4071 derecta.
826 4000 1015 4087 Apud
1062 3997 1427 4066 Ciceronem
1482 4011 1617 4066 tam
1663 4000 1786 4066 hoc
1832 3998 1971 4066 loco
2020 4020 2214 4085 quam
2261 4001 2428 4066 infra
2473 4004 2554 4067 41
2613 4004 2858 4079 „denc-

474 4122 607 4177 tum
673 4106 842 4175 iter”
916 4111 981 4173 et
1043 4102 1130 4170 42
1194 4106 1473 4182 „derecta
1536 4106 1702 4170 ratio
1721 4104 1777 4183 ‚'’
1840 4124 1956 4191 pro
2019 4104 2184 4171 Sest.
2249 4104 2356 4190 45,
2422 4104 2546 4171 98:
2595 4127 2856 4172 cursum

472 4236 665 4281 snum
732 4209 1044 4299 εἰσῆθον-θ’
1115 4230 1341 4278 verum
1405 4211 1689 4277 servavit
1749 4209 1930 4287 Par.;
2001 4208 2154 4295 Div.
2220 4210 2300 4275 II.
2368 4210 2476 4276 61.
2547 4210 2672 4279 127
2719 4218 2848 4279 est:

478 4322 751 4399 „derecto
808 4319 964 4386 deus
1010 4315 1310 4396 diceret”;
1360 4317 1439 4383 de
1488 4324 1653 4402 part.
1707 4322 1864 4383 orat.
1919 4316 2002 4383 13
2049 4317 2214 4403 qnod
2263 4320 2490 4385 directo
2537 4324 2748 4386 exstat
2791 4326 2858 4389 et

474 4424 666 4505 alibi,
719 4428 938 4513 paucis
984 4424 1243 4490 omnino
1294 4420 1451 4496 locis
1470 4473 1487 4498 ‚
1537 4442 1664 4489 non
1711 4442 1860 4489 sane
1903 4424 2146 4491 mirum
2193 4433 2308 4497 est.
