3369 5142
618 295 749 366 1¹78
1606 317 2036 364 rnucrmnn.

618 487 1009 563 viderentur,
1070 488 1309 572 primas
1372 489 1577 553 acturi
1636 486 1911 553 simulac
1957 508 2306 572 paucorum
2357 487 2788 556 dominatione
2833 490 3017 556 abro—

618 599 771 682 gata
832 614 931 658 res
1001 593 1079 658 ad
1148 592 1459 678 populum
1536 591 1850 658 rediisset.
1944 592 2152 674 Quare
2221 595 2460 678 partim
2511 616 2627 680 ope
2697 595 3014 662 librorum

620 700 857 783 partim
905 698 982 764 de
1028 701 1387 765 coniectura
1429 697 1645 764 locum
1695 701 1786 764 sic
1831 696 2106 786 refingo:
2155 699 2530 780 φοβούμενοι
2579 701 2632 765 δ’
2679 701 2962 783 ἔφωσοι
2985 727 3015 764 ν

625 803 817 892 (τότε)
869 804 940 870 τό
986 808 1041 870 τ’
1093 807 1154 870 ἕν
1188 814 1267 886 τῇ
1306 804 1505 886 Σάμῳ
1544 803 1871 884 epeia-svam
1897 843 1978 853 —
2005 805 2204 878 πόλιν,
2229 804 2414 879 οὕτως
2440 806 2896 883 ἀπαλλαξείειν
2921 845 3014 856 -

622 903 843 996 ἔλθεῖη
890 911 1060 977 ἀλλὰ
1108 911 1247 984 τοὺς
1301 949 1383 960 —-
1434 910 1786 979 κοιθιςοὶνοιι.
1854 911 2080 977 Verte:
2133 913 2239 997 qui
2285 915 2649 978 vehentem&
2696 921 3016 978 metuentes

615 1025 927 1084 excercitum
986 1024 1089 1103 qui
1150 1018 1316 1082 Sami
1369 1025 1497 1082 erat
1541 1025 1720 1099 abque
1765 1018 2132 1082 Alcibiadem
2151 1067 2168 1093 ‚
2215 1021 2506 1104 smulque
2551 1043 2626 1084 ne
2673 1020 2727 1084 ii
2775 1021 2878 1105 qui
2923 1021 3008 1083 le·

610 1135 786 1206 ⁸catos
832 1125 1101 1206 Spartam
1149 1123 1431 1186 miserant
1476 1129 1605 1188 sinc
1646 1125 1916 1206 plurium
1954 1124 2202 1187 arbitrio
2236 1125 2554 1212 (agentes)
2585 1129 2768 1207 yram·
2806 1127 3012 1212 aliquo

620 1231 775 1294 malo
836 1231 1130 1295 civitatem
1191 1229 1520 1312 afficere-nt,
1576 1233 1669 1293 ita
1727 1251 1790 1294 ec
1851 1231 2190 1294 immodicae
2236 1231 2386 1294 illus
2433 1233 2788 1313 oliqarchiac
2816 1234 3013 1316 fidem
3081 1302 3084 1304 ,

622 1337 959 1400 desiderare
1003 1336 1271 1412 aiebant,
1321 1336 1427 1398 sed
1466 1341 1585 1397 iam
1630 1357 1723 1412 re,
1771 1358 1890 1398 non
1937 1341 2169 1400 nomine
2211 1336 2626 1400 constituenda
2673 1361 2798 1402 cese
2840 1339 3018 1423 quin-

622 1464 733 1522 que
798 1442 969 1506 milia
1037 1447 1184 1506 cett.
1256 1440 1426 1506 Fieri
1494 1445 1700 1525 potest
1774 1447 1850 1505 ut
1911 1442 2069 1506 olim
2146 1441 2338 1506 fuerit
2407 1441 2591 1518 οὕτως
2675 1441 3038 1523 ἔφασαν-

628 1545 1105 1632 ιέποιλλοιξείειν,
1154 1553 1217 1612 et
1263 1547 1529 1612 verbum
1578 1549 1644 1610 in
1695 1546 1970 1612 alienam
2017 1547 2230 1612 sedem
2271 1548 2613 1613 devenerit.
2675 1552 3010 1615 Structura

625 1652 843 1741 paullo
882 1655 1236 1718 intricatior
1270 1673 1393 1717 non
1428 1653 1756 1719 intellecta
1792 1653 2031 1736 effecit,
2080 1660 2154 1719 ut
2191 1655 2268 1726 ὥς
2311 1661 2456 1718 ante
2497 1651 2748 1734 ἔφασαν
2773 1656 3008 1722 adscri-

629 1762 906 1836 beretur,
979 1760 1146 1826 unde
1206 1779 1331 1824 non
1389 1760 1579 1824 modo
1642 1763 1870 1824 natum
1933 1769 2029 1824 est
2091 1758 2550 1843 anacoluthon,
2617 1761 2803 1846 quale
2860 1781 3016 1826 nus-

629 1887 822 1951 quam
892 1865 1047 1931 alibi
1120 1865 1247 1930 sibi
1304 1866 1599 1949 permisit
1657 1863 2066 1950 Thucydides
2084 1914 2101 1948 ,
2165 1865 2274 1930 sed
2297 1915 2314 1944 ,
2367 1866 2536 1951 quod
2581 1871 2846 1954 gravius
2864 1915 2879 1944 ‚
2931 1888 3014 1932 ex

628 1995 770 2037 vera
834 1994 1033 2035 cauea·
1070 1991 1264 2055 quam
1326 1971 1618 2037 homines
1682 1973 1958 2036 movisse
2016 1970 2180 2036 dixit
2197 2019 2214 2047 ‚
2263 1973 2469 2038 factus
2515 1979 2612 2038 est
2650 1981 3012 2056 praetecta-s.

628 2076 815 2143 Metu
852 2077 1105 2144 adactos
1123 2124 1140 2154 ,
1192 2097 1319 2142 non
1365 2097 1515 2142 vero
1558 2076 1948 2161 reipublicae
1994 2077 2228 2142 melius
2265 2083 2655 2163 temperatae
2679 2079 3018 2156 desideriO,

630 2183 1091 2249 Theramenem
1132 2188 1193 2247 et
1240 2184 1695 2248 Aristocratem
1743 2182 1896 2246 haec
1942 2184 2216 2248 suasisse
2249 2181 2606 2250 luculenter
2641 2184 3021 2252 confirmant

630 2292 771 2374 ipsa
814 2291 1159 2374 sequentia.
1256 2287 1331 2352 In
1396 2293 1681 2352 extremo
1743 2290 1950 2372 capite
2013 2287 2236 2354 dubito
2297 2290 2654 2356 scribamne
2717 2293 2837 2373 οὐχ
2899 2293 3017 2356 ὑπὸ

632 2395 805 2480 (libri
844 2393 998 2481 ἀπὸ)
1039 2399 1155 2457 τῶν
1191 2393 1405 2470 ὅμοίων
1444 2393 1892 2469 ἐλασσούμενος
1935 2415 2014 2458 an
2051 2415 2416 2481 expungam
2441 2399 3011 2482 praepositionem,

631 2501 885 2568 tardum
922 2503 1093 2566 enim
1133 2521 1240 2564 me
1281 2519 1415 2564 esse
1456 2498 1848 2585 discipulum
1889 2498 2210 2564 doctrinae
2241 2521 2367 2585 qua
2393 2501 2581 2567 hodie
2605 2503 2736 2567 ἀπό
2757 2522 2871 2588 pro
2897 2499 3018 2566 ὑπό

634 2610 926 2693 usurpari
960 2627 1140 2692 posse
1178 2608 1489 2692 persuasit
1523 2606 1651 2671 fere
1676 2604 2017 2672 Germanis
2041 2606 2386 2673 Herbstius
2410 2608 2672 2674 candide
2697 2608 3016 2694 profiteor.

719 2714 892 2779 VIII
938 2712 1049 2790 91,
1102 2712 1143 2775 4
1195 2712 1535 2793 ἐτειχίζετο
1582 2710 1678 2777 οὖν
1725 2710 1876 2777 οὕτω
1927 2722 2088 2781 ΞΤΝ
2137 2714 2222 2792 τῷ
2269 2712 2546 2793 πρότερον
2593 2716 2738 2795 πρὸς
2775 2714 3017 2796 ἤπειρον

631 2821 971 2900 ὑπάρχοντι
1034 2820 1269 2899 τείχει,
1330 2814 1447 2886 εἵς-ε
1496 2818 1908 2899 καθεζομένων
1957 2820 2019 2891 ἐς
2067 2818 2222 2883 αὐτὸ
2267 2820 2586 2899 ἀνθρώπων
2631 2820 2856 2897 ὀλίγων
2903 2820 3014 2901 ἄρ-

627 2951 770 3008 χειν
832 2931 938 2991 τοῦ
1000 2949 1086 2989 τε
1152 2924 1407 2989 ἔσπλου.
1501 2924 1671 3005 Quid
1717 2927 1984 3011 scriptor
2029 2924 2307 2991 voluerit
2351 2928 2507 2991 satis
2554 2927 2971 2993 manifestum
2991 2976 3010 3005 ,

630 3033 741 3099 sed
802 3051 991 3097 nemo
1050 3029 1291 3097 Graece
1354 3032 1446 3096 sic
1503 3030 1812 3116 loquitur.
1909 3028 2171 3118 Corrige
2191 3080 2208 3107 ,
2255 3031 2472 3097 sodes:
2522 3031 2860 3113 ἐτειχίζετο
2913 3031 3014 3099 οὖν

630 3138 782 3207 οὕτω
856 3138 1207 3219 ξυνεχὲς
1277 3138 1363 3217 τῷ
1439 3174 1523 3185 -
1588 3138 1813 3217 τείχει.
1907 3137 2029 3201 Per
2099 3136 2354 3221 ellipsin
2417 3136 2784 3225 Thucydidi
2859 3142 3018 3207 satis

630 3244 1017 3313 familiarem
1064 3250 1205 3328 post
1250 3244 1593 3324 ἐτειχίζετο
1641 3246 1952 3309 omissum
2002 3249 2098 3307 est
2143 3250 2391 3324 τεῖχος,
2440 3248 2515 3308 ut
2558 3242 2593 3307 I
2643 3244 2752 3329 90,
2795 3245 2858 3324 2,
2902 3244 3016 3331 91,

635 3356 695 3419 1.
744 3350 807 3417 II
857 3349 962 3433 18,
1011 3348 1072 3413 2.
1120 3349 1343 3415 Novus
1391 3370 1614 3414 murus
1662 3348 2112 3416 aedificabatur
2157 3348 2341 3414 alteri
2388 3354 2745 3437 contiguus.
2796 3352 2892 3418 ot.
2919 3350 3018 3417 III

632 3459 741 3536 21,
796 3457 853 3522 1.
902 3456 1001 3521 Ad
1048 3456 1341 3521 dativum
1378 3454 1456 3520 cf.
1498 3455 1720 3539 Eurip.
1760 3454 1957 3539 Hipp.
2003 3453 2134 3519 226
2176 3454 2430 3535 πύργοις
2467 3460 2734 3540 συνεχὴς
2775 3458 3011 3531 κλιτύς.

629 3565 687 3631 Ε
730 3562 997 3649 vulgata
1042 3564 1357 3646 scriptura
1404 3566 1772 3645 sequeretur
1817 3562 2012 3624 etiam
2059 3566 2342 3625 veterem
2385 3582 2646 3627 murum
2673 3562 3012 3641 aedificari,

634 3668 803 3755 quod
859 3665 1223 3733 absurdum.
1262 3722 1279 3735 ,
1318 3664 1395 3729 In
1458 3664 1708 3728 ultimis
1755 3684 1916 3747 quae
1961 3664 2264 3749 adscripsi
2312 3667 2522 3731 verbis
2567 3688 2894 3752 perperam
2939 3692 3012 3732 τε

632 3777 710 3842 ab
778 3772 1127 3838 editoribus
1194 3773 1543 3856 repositum
1609 3778 1705 3835 est
1765 3790 1877 3855 pro
1937 3794 2014 3847 γε
2037 3816 2052 3843 ,
2102 3772 2269 3855 quod
2315 3778 2430 3837 aut
2475 3773 2816 3839 delendum
2863 3780 2974 3841 aut
2993 3824 3012 3859 ‚

633 3879 800 3967 quod
858 3876 1085 3941 malim
1107 3925 1125 3960 ‚
1190 3898 1337 3941 cum
1402 3874 1726 3942 Classenio
1787 3875 2147 3941 addendum
2211 3878 2316 3941 και)
2378 3876 2628 3948 ἔκπλου.
2721 3880 2866 3967 Ipsa
2917 3903 3016 3948 se-

632 3986 891 4071 quentia
954 3982 1054 4046 ἐπ’
1103 3982 1171 4066 (1.
1222 3982 1281 4053 ἐς
1330 4002 1480 4047 cum
1522 3981 1882 4069 Kruegero)
1935 3982 2125 4047 αὐτὸν
2171 3983 2297 4063 γὰρ
2344 3986 2446 4049 τὸν
2493 3986 2594 4050 ἐπὶ
2644 3988 2728 4067 τῷ
2778 3988 3010 4066 ςόμοιτι

631 4095 738 4157 τοῦ
802 4088 1043 4165 λιμένος
1107 4092 1277 4153 ςενοῦ
1338 4086 1501 4160 ὄντος
1564 4087 1667 4151 τὸν
1730 4083 1924 4166 ἕτερον
1973 4085 2204 4167 πύργον
2252 4087 2556 4154 ἐτελεύτα
2605 4089 2693 4157 τό
2739 4116 2824 4159 τε
2875 4118 3012 4159 ποι·

630 4194 860 4264 λοιιὸν
913 4195 998 4258 τὸ
1057 4192 1249 4273 πρὸς
1308 4192 1630 4271 ἤπειρον
1679 4192 1808 4255 καὶ
1863 4195 1946 4257 τὸ
1995 4194 2216 4266 ἐντὸς
2262 4196 2348 4259 τὸ
2397 4197 2669 4261 καινὸν
2719 4207 3010 4280 τεῖχος

624 4297 1189 4381 τειχιζὸμενον
1252 4298 1443 4378 πρὸς
1508 4297 1946 4363 ommam
1993 4304 2125 4364 tam
2171 4299 2418 4385 prolixa
2465 4306 2653 4378 sunt,
2709 4310 2784 4369 ut
2831 4304 3032 4388 'Phug

624 4406 923 4495 cydidem
982 4424 1107 4470 non
1150 4422 1485 4489 agnoscam
1504 4449 1521 4482 ,
1570 4403 1681 4470 sed
1725 4405 1920 4471 verba
1966 4408 2248 4491 genuina
2290 4408 2385 4473 ita
2427 4410 3010 4493 interpretamentis
