3369 5142
1359 273 1780 327 moeremus.
2685 256 2771 329 '79

367 448 624 533 ὖςεραίᾳ
688 446 944 535 (nempe
1006 448 1256 537 ἡμέρᾳ).
1351 448 1751 535 Praepositio
1814 448 1984 533 apud
2046 446 2493 535 Thucydidem
2540 450 2760 517 addita

367 558 501 621 ἘΝ
557 556 620 620 δὲ
667 564 744 636 τῇ·
797 555 891 624 ῦς.
947 555 1340 621 demonstrat
1385 556 1463 621 de
1510 557 1855 641 posteriore
1900 554 2172 620 concione
2213 554 2563 639 (ἐκκλησίᾳ)
2605 556 2763 623 haec

370 662 497 727 dici
520 709 536 739 ,
586 682 712 727 non
758 662 836 727 de
882 663 1019 729 die:
1059 663 1276 749 itaque
1325 662 1505 745 ὑςέρᾳ
1551 680 1779 727 verum
1827 663 1924 725 est
1971 664 2035 725 et
2077 660 2330 742 ὑςεραίᾳ
2370 668 2767 747 corruptum.

369 768 578 848 Quam
627 766 896 852 proclivi
942 788 1146 833 errore
1194 765 1493 848 προτέρα,
1547 765 1733 844 ὑςέρα
1782 771 1847 831 et
1897 764 2267 850 προτεραία,
2310 766 2561 847 ὑςεραία
2605 770 2772 833 inter

371 896 439 941 se
487 874 954 941 confundantur
998 874 1242 939 ostendi
1294 876 1363 938 in
1422 873 1565 939 Var.
1615 874 1808 939 Lecti.
1857 892 2008 959 pag.
2060 871 2190 937 246
2240 893 2330 958 sq.
2376 881 2441 939 et
2486 873 2769 959 plurima

371 981 501 1048 alia
561 981 826 1066 proferri
885 986 1140 1065 possent
1201 981 1258 1047 si
1319 984 1456 1045 tam
1518 981 1682 1045 utile
1733 1000 1925 1065 quam
1972 980 2158 1046 facile
2207 980 2389 1047 foret.
2442 980 2519 1045 cf.
2570 979 2770 1045 Inter-

369 1092 584 1174 pretes
631 1086 712 1151 ad
758 1085 1204 1173 Thucydidem
1251 1084 1337 1151 V.
1389 1083 1494 1153 ¹75.
1546 1092 1611 1151 et
1657 1084 1794 1151 VII.
1850 1083 1959 1151 51.

470 1296 764 1385 Thucyd.
831 1296 880 1361 I.
947 1295 1055 1362 44.
1118 1294 1522 1373 μετέγνωσαν
1569 1293 1955 1374 Κορκυραίοις
2004 1294 2387 1375 ξυμμαχίαν
2440 1302 2629 1361 ΜΕΝ
2679 1298 2769 1374 μη

377 1405 752 1479 ποιήσασθαι
810 1438 898 1451 ——
959 1400 1320 1482 ἐπιμαχίαν
1372 1403 1450 1466 Δ’
1523 1402 1971 1487 [ἐποιήσαντο]
2067 1400 2321 1467 Vitiosa
2392 1404 2771 1487 compositio

377 1514 598 1599 arguit
661 1510 1025 1583 ἐποιήσαντο
1087 1510 1378 1593 spurium
1444 1526 1612 1573 esse:
1677 1510 1747 1571 in
1792 1508 1894 1571 his
1942 1508 2114 1572 enim
2164 1512 2338 1573 certa
2384 1514 2479 1573 est
2527 1515 2589 1573 et
2638 1530 2776 1594 per-

375 1626 574 1705 petua
627 1616 808 1683 verbi
853 1616 1110 1679 ciusdem
1127 1596 1136 1607 ¹
1137 1616 1387 1701 formae
1433 1613 1691 1699 ellipsis.
1744 1618 1807 1678 et
1854 1613 2353 1678 Herwerdenum
2402 1634 2526 1679 non
2574 1614 2776 1681 habeo

380 1728 873 1811 repugnantem.
969 1719 1272 1806 Sequitur
1341 1722 1698 1801 ἐπιμαχίαν
1769 1718 1825 1783 δ’
1903 1720 2263 1792 ἐποιήσαντο
2334 1728 2411 1801 τῇ
2483 1722 2776 1795 αλλήλων

383 1830 624 1908 βοηθεῖν
693 1828 802 1892 ἐάν
873 1852 967 1901 τις
1033 1827 1132 1892 ἐπὶ
1199 1824 1503 1906 Κόρκυραν
1567 1824 1624 1905 7η
1687 1824 1719 1901 ἣ
1783 1826 1881 1888 ἐπ’
1929 1826 2212 1900 Ἀθήνας.
2306 1824 2774 1893 Existimabam

385 1942 572 2002 antea
631 1938 944 2020 expuncto
1006 1934 1370 2007 ἐποιήσαντο
1416 1930 1844 2017 supplendum
1895 1951 2031 1996 esse
2080 1931 2403 2017 (“Ὼ(3ΤΕ)
2451 1942 2525 2013 τῇ
2576 1934 2777 2007 ἀλλή-

385 2056 506 2107 λων
572 2041 852 2125 βοηθεῖν,
923 2045 999 2105 ut
1065 2038 1283 2125 paullo
1351 2042 1496 2104 ante
1564 2036 1949 2119 ξυμμαχίαν
2010 2073 2098 2086 -
2160 2035 2275 2105 ὅτε
2344 2038 2485 2109 τοὺς
2550 2039 2778 2112 αὐτοὺς

387 2148 633 2228 ἐχθροὺς
683 2146 786 2211 καὶ
836 2144 1058 2226 φίλους
1107 2144 1386 2227 νομίζειν.
1482 2144 1756 2210 Meliora
1802 2164 1909 2209 me
1948 2143 2165 2209 docuit
2204 2142 2673 2210 Herwerdenus
2714 2151 2780 2211 et

388 2252 546 2319 alios
592 2253 758 2318 locos
807 2252 1066 2319 afferens
1112 2258 1176 2317 et
1222 2250 1296 2315 V.
1348 2248 1456 2317 48.
1505 2251 1785 2331 Κορίνθιοι
1812 2248 2253 2327 -γενομένης
2286 2288 2367 2299 -
2394 2247 2777 2332 ξυμμαχίας

389 2368 514 2432 τοῖς
575 2360 790 2431 αὐτοῖς
856 2364 1152 2436 πολεμεῖν
1215 2356 1322 2423 καὶ
1387 2356 1614 2436 εἰρήνην
1675 2354 1857 2434 ἄγειν
1918 2357 1983 2421 οὗ
2042 2354 2429 2433 ξυνώμοσαν,
2480 2357 2684 2435 ἀρκεῖν
2730 2358 2781 2422 δ’

390 2466 641 2549 ἔφασαν
697 2464 878 2549 σφίσι
927 2465 1038 2539 τὴν
1083 2463 1319 2543 πρώτην
1368 2461 1698 2539 γενομένην
1748 2462 2107 2543 ἐπιμαχίαν
2153 2464 2452 2538 αλλήλοις
2501 2462 2779 2542 βοηθεῖν,

391 2571 920 2657 ξυνεπιςρατεύειν
965 2571 1029 2638 δὲ
1075 2569 1322 2649 μηδενί,
1375 2591 1530 2658 quae
1577 2574 1729 2635 sunt
1772 2568 1959 2654 plane
2004 2568 2306 2658 gemella.

483 2785 775 2872 Thucyd.
837 2787 884 2847 1.
953 2780 1060 2847 44.
1133 2778 1302 2869 [ἅμα
1349 2781 1410 2845 δὲ
1459 2789 1570 2855 τῆς
1620 2804 1693 2843 τε
1744 2778 2035 2851 Ἰταλίας
2080 2781 2185 2844 καὶ
2228 2780 2524 2855 Σικελίας
2574 2789 2779 2856 καλῶς

395 2893 684 2976 ἐφαίνετο
731 2891 940 2960 αὐτοῖς
989 2891 1022 2964 ἧ
1074 2894 1248 2962 νῆσος
1295 2887 1356 2949 ἐν
1400 2886 1717 2966 παράπλῳ
1766 2888 2053 2973 κεῖσθαι].
2147 2887 2587 2976 Expungenda
2631 2889 2787 2955 haec

395 3005 544 3064 sunt
605 2997 768 3062 male
829 3001 892 3061 et
955 3015 1077 3060 non
1125 2995 1260 3058 sine
1307 2992 1538 3059 mendo
1584 2994 1855 3077 repetita
1900 3013 1978 3058 ex
2025 3013 2160 3078 cap.
2210 2992 2319 3060 36.
2413 2992 2578 3060 Vide
2624 3014 2785 3080 quae

395 3107 842 3172 annotavimus
900 3103 969 3166 in
1041 3101 1340 3165 observat.
1409 3099 1554 3162 Oria.
1604 3107 1660 3162 ει
1706 3098 2018 3179 Palaeoqr.
2074 3100 2158 3162 ad
2200 3099 2553 3186 Dionysium
2599 3101 2785 3166 Hali-

397 3234 556 3278 σανα.
604 3231 750 3297 pag.
805 3206 952 3272 154.

489 3420 778 3508 Thucyd.
841 3419 892 3485 I.
955 3417 1059 3484 49.
1129 3420 1195 3484 αἱ
1254 3416 1545 3483 Ἀττικαὶ
1608 3424 1741 3492 νῆες
1794 3415 2339 3496 παραγιγνόμεναι
2389 3426 2515 3492 τοῖς
2568 3428 2782 3501 Κορκυ-

402 3531 584 3610 ραίοις
650 3528 707 3592 εἴ
767 3551 852 3608 πη
909 3523 1204 3605 πιέζοιντο
1251 3521 1452 3604 Φόβον
1502 3524 1615 3601 μὲν
1663 3532 1965 3606 παρεῖχον
2013 3531 2139 3595 τοῖς
2188 3524 2516 3603 ἐναντίοις,
2562 3523 2786 3605 μοὶχης

400 3635 451 3699 δ’
517 3635 623 3699 οὐκ
687 3629 869 3714 ἦρχον
931 3630 1189 3702 δεδιότες
1243 3631 1322 3717 [οἱ
1372 3629 1709 3714 ςρατηγοὶ]
1756 3631 1866 3704 τὴν
1913 3627 2223 3709 πρόρρησιν
2270 3633 2385 3695 τῶν
2432 3631 2785 3705 Ἀθηναίων.

401 3741 584 3822 Quod
645 3745 741 3805 est
799 3739 1159 3804 subiectum
1221 3737 1402 3802 verbi
1449 3734 1791 3817 παρεῖχονΐ
1836 3735 2073 3802 Utrum
2124 3737 2190 3800 αἱ
2239 3745 2371 3811 νῆες
2418 3757 2497 3802 an
2543 3739 2594 3802 οἱ
2641 3762 2788 3819 ςρα-

400 3843 624 3924 τηγοίῖ
685 3845 834 3910 Sine
881 3845 1305 3909 controversia
1353 3845 1419 3906 αἱ
1470 3852 1628 3918 νῆες.
1722 3843 1948 3930 Itaque
1995 3844 2191 3908 etiam
2239 3843 2415 3908 ve‘rbi
2464 3839 2645 3924 ἦρχον
2694 3853 2792 3910 est

401 3955 760 4019 subiectum
825 3951 994 4015 idem
1052 3954 1117 4014 et
1163 3951 1606 4033 importunum
1654 3950 1705 4013 οἱ
1754 3947 2060 4027 ςρατηγοί
2104 3947 2387 4014 ful-cellis
2434 3955 2528 4014 est
2575 3951 2787 4036 expel-
2884 3925 2903 3948 ⁰

399 4061 682 4128 lendum.
732 4054 1138 4122 Mirabantur
1181 4055 1636 4120 homunciones
1683 4054 1839 4139 quid
1887 4059 2051 4119 esset
2097 4055 2162 4118 αἱ
2214 4062 2347 4128 νῆες
2378 4091 2459 4102 -
2484 4055 2785 4141 δεδιότες,

403 4184 791 4252 quamquam
858 4160 1227 4226 huiusmodi
1303 4163 1789 4246 compositiones
1857 4161 2000 4237 πρὸς
2071 4159 2141 4223 τὸ
2212 4159 2656 4238 σημαινόμενον
2728 4168 2792 4228 et

403 4273 574 4359 apud
655 4269 814 4335 alios
891 4275 956 4334 et
1026 4266 1194 4353 apud
1263 4265 1709 4353 Thucydidem
1774 4271 1925 4330 sunt
1991 4266 2336 4331 admodum
2407 4265 2783 4352 frequentes.

403 4379 618 4444 Pauca
694 4377 1048 4465 insigniora
1117 4373 1508 4440 adscribam:
1580 4371 1628 4438 1.
1703 4371 1852 4437 110.
1927 4372 2309 4447 πεντήκοντα
2378 4373 2628 4454 τριήρεις
2703 4412 2785 4426 -
