3369 5142
1480 315 1711 362 Puro.
2081 263 2086 266 Ι
2657 293 2788 360 393

426 485 845 553 Verissimum
892 489 959 554 id
1006 509 1141 554 esse
1186 486 1461 553 declarat
1506 487 1683 552 locus
1731 491 1800 550 de
1845 487 1994 570 Bep.
2043 507 2188 572 pag.
2241 484 2394 550 338.
2443 505 2513 550 a:
2571 509 2788 566 προσε-

424 603 651 659 ποιεῖτο
696 596 757 660 δὲ
806 602 1137 678 φιλονικεῖν
1182 595 1325 674 πρὸς
1373 594 1443 658 τὸ
1493 594 1602 670 ἐμὲ
1649 589 1805 658 εἶναι
1854 593 1956 656 τὸν
2002 592 2480 670 ἀποκρινόμενον.

510 807 669 895 Pag.
737 805 887 873 361.
953 809 1029 872 d:
1100 808 1270 884 μετὰ
1340 811 1445 872 σοῦ
1515 805 1589 871 ἂν
1663 805 1840 884 ἤδιςοι
1910 810 2122 870 ταῦτα
2181 805 2787 872 συνδιωσκοπΟΙΗΝ.

422 911 597 977 Haec
661 913 797 978 sola
853 917 1127 1002 genuina
1190 919 1255 979 et
1316 913 1539 978 Attica
1598 913 1805 978 forma
1863 919 1960 976 est
2002 911 2288 984 σκοποίην
2309 962 2324 986 ,
2377 912 2792 987 διαισκοποίην.

420 1017 644 1083 Prima
700 1039 965 1104 persona
1026 1022 1093 1084 in
1154 1019 1391 1086 talibus
1453 1021 1587 1084 sine
1634 1019 1777 1084 labe
1824 1021 1891 1082 in
1939 1015 2133 1083 Codd.
2181 1026 2432 1084 servata
2477 1027 2572 1084 est
2618 1021 2791 1097 ἀγα-

422 1133 737 1203 νακτοίην,
818 1127 1229 1208 φιλονικοίην,
1296 1127 1503 1207 ζώιην,
1578 1125 1780 1202 sabam,
1852 1126 2078 1203 ἑρώιην,
2159 1125 2480 1210 ἕρωτώιην,
2552 1126 2659 1191 sed
2727 1128 2796 1190 in

422 1231 693 1298 secunda
738 1233 1049 1317 tertiaque
1094 1235 1333 1318 passim
1381 1236 1746 1316 comparent
1787 1231 2026 1295 formae
2064 1233 2332 1296 vitiosae
2369 1238 2432 1296 et
2474 1233 2794 1297 veteribus

422 1337 747 1402 inauditae
806 1339 996 1409 δοκοῖς
1059 1375 1147 1388 -
1209 1339 1403 1415 δοκοῖ,
1470 1335 1671 1417 ζητοῖς
1741 1375 1823 1386 -
1891 1337 2091 1415 ζητοῖ,
2154 1336 2390 1407 διοικοῖς
2457 1375 2538 1386 -—-
2591 1337 2800 1401 διοικοῖ

422 1443 785 1528 similesque
846 1453 1207 1522 sexcentae,
1273 1464 1435 1529 quae
1493 1443 1738 1508 nullius
1786 1443 2038 1508 dialecti
2087 1449 2234 1506 sunt
2280 1451 2343 1508 et
2388 1449 2494 1508 τοῦ
2545 1448 2793 1522 πονηροῦ

424 1549 771 1652 adua-woc-
863 1550 1043 1618 Iones
1088 1555 1261 1617 enim
1308 1557 1664 1616 constanter
1709 1549 1999 1614 dicebant
2041 1551 2299 1622 νοσὲοιμι
2323 1599 2340 1626 ,
2383 1551 2798 1615 Athenienses

424 1658 648 1730 νοσοίην
666 1705 683 1734 ,
756 1656 1013 1744 Tragici
1073 1658 1279 1723 forma
1334 1677 1413 1722 ex
1470 1657 1716 1721 duabus
1777 1654 2066 1720 dialectis
2131 1657 2336 1720 mixta
2395 1663 2624 1732 νοσοῖμι
2643 1703 2660 1733 ,
2721 1663 2795 1720 ut

418 1761 585 1847 apud
631 1762 1025 1849 Aeschylum
1070 1767 1135 1826 in
1182 1763 1521 1828 Prometheo
1573 1761 1772 1826 1014.

868 1870 1100 1946 νοσοῖμ’
1148 1869 1223 1934 ἂν
1274 1869 1324 1934 εἰ
1373 1867 1615 1944 νόσημα
1659 1868 1801 1937 τοὺς
1849 1867 2094 1947 ἐχθροὺς
2143 1876 2375 1945 cuych.

508 1973 856 2042 Mirabitur
902 1977 1164 2040 fortasse
1210 1974 1441 2060 aliquis
1486 1977 1597 2058 qui
1646 1973 1887 2040 factum
1935 1976 2019 2038 sit
2059 1981 2132 2038 ut
2177 1978 2414 2041 formas
2453 1976 2792 2043 manifesto

423 2082 759 2147 mendosae
820 2085 887 2147 in
948 2081 1246 2147 omnibus
1303 2079 1590 2145 Platonis
1652 2080 1904 2164 scriptis
1957 2083 2306 2146 sexcenties
2353 2080 2684 2169 legantur,
2731 2093 2796 2148 et

418 2195 679 2275 tangere
747 2208 872 2253 non
935 2188 1195 2253 audebit
1254 2207 1412 2271 quae
1467 2189 1754 2252 omnium
1814 2185 2124 2251 librorum
2173 2207 2476 2252 consensu
2523 2185 2792 2254 firmiter

421 2292 741 2359 stabilitae
804 2314 937 2358 esse
999 2293 1353 2360 videantur.
1447 2292 1696 2376 Nempe
1759 2309 2104 2358 menone
2161 2291 2457 2358 Goniclm
2498 2311 2790 2360 rmum·

420 2419 503 2465 As
567 2415 965 2465 ormonisus
1026 2415 1579 2464 enamncosuu
1594 2446 1609 2474 ,
1671 2399 1783 2482 qui
1845 2417 2044 2482 quum
2094 2399 2246 2462 olim
2292 2397 2462 2463 docti
2508 2405 2573 2464 et
2618 2402 2790 2465 acuti

418 2505 722 2590 fuissent,
783 2509 851 2570 in
898 2506 1215 2590 decrepita
1258 2501 1525 2570 Graecia
1570 2525 1763 2589 supra
1808 2524 1996 2589 quam
2045 2504 2213 2568 credi
2260 2509 2468 2589 potest
2511 2505 2786 2584 indocti,

424 2614 741 2697 imperiti,
792 2612 963 2677 leves
1009 2619 1073 2676 et
1120 2610 1339 2676 futiles
1386 2614 1455 2675 in
1502 2613 1828 2676 communi
1875 2612 2165 2675 omnium
2212 2614 2381 2677 senio
2428 2611 2580 2677 facti
2616 2623 2784 2678 sunt.

419 2717 821 2782 Imbiberunt
888 2717 1095 2803 igitur
1162 2717 1615 2781 homunciones
1684 2716 1870 2780 nihili
1939 2736 2018 2781 ex
2087 2717 2536 2783 consuetudine
2605 2720 2790 2808 vulgi

417 2824 577 2887 hanc
646 2822 871 2888 falsam
932 2825 1290 2907 opinionem
1311 2870 1326 2898 ,
1392 2827 1466 2886 ut
1528 2822 1850 2887 crederent
1913 2822 2140 2895 δοκοίην
2163 2874 2180 2899 ,
2246 2823 2435 2894 δοκοῖς
2457 2874 2476 2908 ,
2526 2824 2690 2891 δοκοῖ
2729 2836 2796 2892 et

416 2930 653 3011 ζητοίην
698 2928 925 3009 ζητοῖς,
976 2926 1151 3009 ζητοῖ
1194 2934 1257 2994 et
1304 2928 1588 3000 σκοποίην
1634 2936 1882 2997 σκοποῖς
1929 2936 2150 2993 σκοποῖ
2191 2937 2255 2994 et
2302 2931 2544 2995 similia
2580 2935 2795 2998 omnia

416 3036 670 3121 perinde
716 3036 873 3101 bene
920 3036 1079 3119 dici,
1128 3056 1357 3119 easque
1401 3034 1671 3117 formas,
1725 3035 1928 3099 sicubi
1973 3036 2206 3099 veteris
2251 3033 2512 3119 linguae
2557 3038 2794 3104 indicia

414 3148 847 3227 superessent,
909 3162 1023 3207 suo
1086 3140 1298 3206 Marte
1359 3142 1776 3225 reponebant,
1844 3140 2009 3205 unde
2071 3140 2310 3206 factum
2363 3151 2459 3206 est
2504 3149 2579 3207 ut
2626 3145 2795 3228 apud

416 3248 751 3312 Platonem
798 3247 955 3313 locis
999 3248 1353 3312 innumeris
1399 3266 1472 3311 ea
1518 3246 1815 3332 legantur
1863 3266 2023 3330 quae
2070 3246 2258 3311 Plato
2305 3247 2576 3313 scribere
2611 3270 2794 3314 num-

416 3374 611 3439 quam
653 3355 953 3439 potuerit.

504 3460 575 3524 ln
640 3458 978 3525 Codicibus
1040 3458 1285 3523 Latinis
1342 3456 1551 3521 multo
1612 3460 1808 3522 etiam
1858 3460 2122 3545 gravius
2169 3478 2242 3522 ea
2289 3457 2464 3524 labes
2507 3468 2794 3546 grassata

415 3568 509 3631 est
527 3618 543 3641 ‚
614 3586 813 3650 quum
875 3564 1181 3631 erudituli
1244 3564 1533 3628 homines
1594 3566 1716 3628 toti
1777 3566 1846 3627 in
1908 3562 2406 3647 quaestiunculis
2468 3566 2794 3654 orthogra-

413 3672 621 3757 phicis
690 3692 765 3735 ex
838 3671 1197 3756 aequalium
1267 3670 1671 3755 opinionibus
1740 3676 1987 3735 textum
2060 3676 2349 3735 veterum
2410 3674 2791 3757 scriptorum

414 3778 883 3843 constituerent.
979 3774 1143 3841 Sunt
1204 3781 1419 3841 autem
1479 3775 1728 3840 librarii
1774 3775 1988 3840 Latini
2035 3784 2170 3839 tam
2219 3776 2432 3841 obtusi
2479 3788 2544 3843 et
2588 3780 2790 3865 inepti

410 3892 485 3949 ut
544 3904 693 3968 prae
752 3884 836 3947 iis
882 3879 1267 3948 Graecorum
1315 3883 1555 3947 scribae
1600 3902 1760 3966 pene
1805 3901 2022 3966 sapere
2069 3882 2438 3959 videantur,
2483 3886 2578 3949 ita
2621 3885 2788 3951 nihil

409 3993 653 4067 sciunt,
696 3987 859 4053 nihil
898 3986 1290 4074 intelligunt.
1344 3988 1613 4053 Excussi
1647 4008 1848 4073 nuper
1886 3984 2196 4053 Codicum
2222 3987 2500 4054 Cornelii
2523 3989 2789 4076 Nepotis

407 4096 766 4182 scripturas.
812 4092 1085 4159 Difficile
1133 4100 1227 4158 est
1274 4113 1493 4159 eorum
1546 4097 1856 4160 insaniam
1907 4114 2032 4159 non
2077 4094 2279 4160 ridere
2326 4095 2435 4179 qui
2473 4097 2539 4159 in
2563 4098 2790 4162 oenone

408 4204 513 4269 IV.
580 4204 643 4266 2.
702 4204 1119 4286 scripserunt:
1181 4223 1321 4263 cena
1378 4208 1435 4263 ei
1494 4218 1617 4275 Quo
1666 4218 2118 4277 QunnssA'rmi,
2169 4220 2283 4285 pro
2335 4217 2780 4287 commanus,

416 4318 476 4375 et
520 4312 590 4373 in
637 4308 826 4373 Attici
872 4307 1007 4373 vita
1052 4305 1135 4371 II.
1192 4307 1265 4370 1:
1302 4314 1483 4388 pater
1532 4324 1751 4371 Maium
1776 4308 2174 4389 praedeeessit
2202 4326 2314 4390 pro
2326 4316 2508 4387 pater
2527 4324 2786 4375 mrum}

412 4417 692 4493 decessit,
742 4422 807 4480 et
852 4414 955 4478 his
1000 4411 1242 4478 similia
1284 4420 1577 4497 portenta
1622 4422 1686 4478 et
1731 4422 2010 4477 monstra
2058 4412 2394 4479 verborum
2442 4412 2510 4475 in
2557 4418 2780 4495 quavis

2477 4530 2544 4579 25
