3369 5142
656 316 787 385 298
1630 332 2057 383 rnucrnmm.

654 510 965 596 scriptum
1032 512 1163 573 est:
1244 502 1539 585 ἔπεμψαν
1603 506 1665 571 δὲ
1737 506 1841 570 καὶ
1913 508 1973 579 ε’ς·
2045 508 2162 582 τοὶς
2231 509 2440 583 πόλεις
2511 510 2907 591 πρέσβεις
2976 512 3030 576 οἱ

653 616 1005 697 Συρακόσιοι
1048 612 1366 694 Κορινθίων
1403 614 1505 676 καὶ
1546 616 2027 691 Ἀμπρακιωτῶν
2066 617 2172 678 καὶ
2215 617 2736 699 Λακεδαιμονίων,
2773 615 3017 694 ἀγγέλ-

649 740 870 797 λοντας
900 724 973 802 (l.
997 724 1461 803 οὶγγελοῦντας)
1482 719 1667 783 -τοί
1695 744 1764 783 τε
1788 717 1963 783 ἄλλα
1993 716 2100 807 (αὖ
2125 722 2264 788 dele
2287 746 2435 789 cum
2459 724 2616 809 ΒΜ)
2640 724 3022 798 δηλώσοντας

648 832 773 895 κτὲ.
870 830 1000 895 Nec
1058 837 1184 893 tres
1244 827 1437 891 fuisse
1484 826 1728 913 legatos
1771 826 1879 891 sed
1928 826 2250 912 aliquanto
2295 830 2509 915 plures
2553 830 2690 896 loco
2711 880 2726 905 ,
2775 831 2854 895 de
2900 852 3018 915 quo

643 959 811 1003 nunc
870 940 1156 1024 agimuS,
1222 934 1437 1019 arguit
1496 932 1790 997 additum
1849 932 2114 1006 πάντας.
2210 934 2380 1015 Quid
2441 934 2680 1024 igitur?
2751 936 3014 1021 Scripsit.

647 1044 1083 1130 Thucydides:
1146 1040 1249 1105 καὶ
1299 1041 1437 1109 τοὺς
1484 1038 1774 1117 πρέσβεις
1821 1041 1982 1114 πλὴν
2031 1041 2201 1113 ἑνός
2249 1066 2415 1120 του,
2464 1040 2808 1127 Κορινθίου,
2859 1042 3016 1107 πάν·

646 1176 785 1224 τας.
836 1148 931 1215 Gt.
980 1148 1175 1233 Soph.
1229 1145 1301 1210 Ο.
1350 1144 1426 1209 R.
1484 1144 1641 1213 117.

1187 1249 1515 1327 θνήσκουσι
1562 1253 1690 1331 γὰρ
1738 1254 1946 1327 πλὴν
1992 1248 2108 1325 εἶς
2156 1278 2315 1332 τις,
2369 1270 2516 1319 κτλ.

729 1361 877 1447 Cap.
947 1359 1069 1435 34,
1122 1362 1155 1423 1
1226 1358 1449 1424 deletis
1510 1357 1915 1423 emblematis
1962 1364 2110 1431 ναῦς
2157 1367 2223 1424 et
2269 1367 2446 1445 νεῶν,
2495 1361 2721 1427 deinde
2765 1361 3004 1427 scribe:

641 1468 981 1549 ὁρμίζονται
1042 1468 1184 1531 κατ’
1250 1466 1505 1544 Ἐρινεὸν
1561 1472 1669 1537 τῆς
1728 1466 2009 1545 Ἀχαΐας
2069 1466 2127 1527 ἕν
2188 1476 2265 1543 τῇ
2317 1474 2593 1547 Ῥυπικῇ.
2641 1468 2746 1531 καὶ
2799 1469 3009 1539 αὐτοῖς

642 1581 748 1641 τοῦ
810 1574 1029 1654 χωρίου
1090 1572 1430 1650 μηνοειδοῦς
1494 1569 1655 1642 ὄντος
1726 1570 1863 1655 [ἐφ’
1913 1564 1955 1651 ᾧ
2003 1567 2254 1655 ὥρμουν]
2317 1576 2344 1636 ὃ
2394 1574 2506 1650 μὲν
2555 1572 2735 1653 πεζὸς
2787 1574 3008 1637 ἐκατέ-

644 1685 818 1765 ρωθεν
874 1676 1434 1759 προσβεβοηθηκὼς
1462 1677 1670 1741 “En-2
1720 1687 1862 1746 ταῖς·
1908 1678 2280 1759 οὶνεχούσαις
2327 1677 2542 1758 ἄκραις
2591 1679 3020 1759 παρετέτακτο

644 1792 772 1855 κτέ.
866 1787 1017 1853 Mox
1062 1788 1099 1871 ξ
1148 1784 1187 1849 3
1234 1787 1285 1850 οἱ
1333 1787 1384 1850 δ’
1433 1781 1753 1856 Ἀθηναῖοι
1802 1784 1900 1865 [ἐκ
1959 1791 2071 1857 τῆς
2137 1786 2557 1871 Ναυπάκτου]
2624 1787 3018 1852 ἐπέπλευσαν

646 1900 874 1969 αὐτοῖς.
942 1893 1037 1960 Of.
1102 1895 1140 1977 ἓ
1190 1892 1250 1957 1.
1312 1892 1479 1957 'I'um
1542 1891 1577 1974 ξ
1627 1890 1665 1955 5
1719 1890 1884 1954 ἑπτα
1931 1889 1996 1955 δέ
2043 1914 2200 1963 τινες
2249 1890 2438 1957 ἄπλοι
2487 1892 2794 1971 ἐγένοντο,
2844 1897 3019 1959 οὶντί-

643 2026 851 2083 πρῳροι
924 1999 1386 2078 ἐμβαλλόμενοι
1459 1997 1616 2083 [καὶ]
1684 1998 2131 2075 ἀναρραγεῖσαι
2197 1999 2315 2071 τὰς
2381 2000 2838 2081 παρεξειρεσίας
2901 2002 3018 2067 ὑπὸ

645 2114 762 2175 τῶν
830 2105 1149 2185 Κορινθίων
1220 2112 1386 2180 νεῶν,
1452 2104 1552 2166 ἐπ’
1619 2103 1774 2167 αὐτὸ
1838 2107 2016 2167 τοῦτο
2079 2107 2339 2183 (rectius
2400 2105 2518 2170 AB
2582 2108 2748 2188 αὐτῷ
2795 2108 3018 2195 τούτῳ)

643 2212 1008 2295 παχυτέρας
1070 2212 1188 2283 τοὶς
1253 2209 1554 2282 ἐπωτίδας
1614 2210 1902 2288 ἐχουσῶν.
1994 2209 2237 2275 Pendet
2285 2211 2556 2277 alterum
2603 2214 3015 2300 participium

642 2324 721 2389 ab
768 2321 965 2386 altero
979 2367 998 2396 ,
1044 2320 1261 2402 itaque
1306 2317 1561 2382 exulato
1603 2316 1834 2401 copula
1851 2364 1866 2391 ‚
1915 2336 2108 2400 quam
2155 2314 2399 2382 librarii
2447 2318 2605 2384 tales
2667 2320 2835 2386 locos
2893 2342 3018 2387 non

640 2425 1072 2513 intelligentes
1132 2424 1368 2507 ubique
1414 2422 1774 2486 inferciunt.
1825 2420 2109 2486 Tandem
2153 2422 2254 2505 §7
2304 2427 2368 2487 et
2413 2424 2514 2507 §8
2563 2427 3012 2511 interpretibus

643 2533 985 2600 reddantur
1020 2529 1213 2596 verba
1258 2531 1334 2600 ὡς
1383 2534 1653 2599 νικῶντες
1702 2532 1768 2592 et
1811 2529 1889 2597 ὥς
1937 2528 2310 2606 νικήσαντες,
2361 2549 2520 2614 quae
2567 2530 2644 2597 de
2690 2552 2864 2600 more
2913 2534 3017 2600 ad-

640 2639 938 2706 diderunt
982 2637 1194 2702 verbis
1239 2643 1521 2714 τροπαῖον
1573 2633 1822 2708 ἔςησαν.

735 2745 888 2832 Gap.
954 2743 1039 2807 42
1098 2745 1133 2826 g
1184 2741 1224 2806 3
1282 2742 1309 2805 ὃ
1372 2741 1433 2805 δὲ
1482 2738 1871 2817 Δημοσθένης
1919 2740 2052 2804 ἰδὼν
2092 2743 2170 2813 ὦς
2219 2737 2360 2820 εἶχε
2406 2745 2490 2806 τα
2539 2743 3018 2822 πράγματα

644 2853 747 2917 καὶ
806 2851 1059 2928 νομίσας
1123 2852 1201 2912 οὐ
1217 2872 1270 2927 χ
1328 2843 1591 2912 οἷόντε
1652 2842 1873 2910 εἶναι
1941 2847 2273 2926 διατρίβειν
2338 2849 2468 2914 οὐδὲ
2533 2851 2750 2916 παθεῖν
2796 2849 3016 2931 ὄπερό

642 2958 869 3032 Νικίας
934 2955 1187 3042 [ἔπαθεν
1250 2954 1562 3038 deleatur]
1628 2953 2025 3036 (ἀφικόμενος
2088 2957 2212 3035 γὰρ
2275 2956 2344 3020 τὸ
2403 2959 2632 3035 πρῶτον
2689 2958 2742 3044 [ὁ
2793 2961 3015 3031 Νικίας

641 3066 808 3150 dele]
883 3062 1183 3144 Φοβερός,
1253 3064 1332 3130 ὥς
1394 3061 1500 3124 οὐκ
1562 3058 1748 3130 εὐθὺς
1817 3059 2163 3138 προσέκειτο
2227 3069 2369 3131 ταῖς
2435 3063 2854 3142 Συρακούσαις
2906 3067 3016 3150 -)

643 3173 771 3238 κτὲ.
819 3171 1108 3236 Badham
1152 3170 1384 3232 merito
1429 3168 1692 3232 haerens
1739 3165 1985 3230 Mnem.
2032 3164 2126 3231 ΙΙΙ
2180 3167 2305 3231 146
2357 3167 2538 3245 „dele
2585 3165 2830 3254 οἷόντε”,
2879 3174 3009 3244 ait,

646 3277 852 3362 „quod
911 3275 1143 3342 falsum
1208 3279 1273 3340 et
1334 3273 1478 3359 lege
1525 3275 1605 3335 οὐ
1652 3273 1818 3337 δεῖν
1867 3272 2255 3351 διατρίβειν.”
2325 3273 2420 3338 At
2465 3275 2666 3339 nimia
2715 3275 2866 3340 haec
2915 3279 3008 3341 vi-

643 3383 827 3448 detur
888 3381 1184 3446 mutandi
1245 3379 1525 3444 audacia.
1621 3377 1828 3458 Quare
1887 3379 2032 3444 vide
2093 3399 2170 3442 an
2233 3378 2539 3444 sufficiet:
2601 3383 2706 3445 καὶ
2756 3383 3011 3459 νομίσας

640 3489 839 3554 οὐκέτ’
902 3483 1051 3550 εἶναι
1112 3481 1210 3550 οἷα
1272 3485 1606 3562 διατρίβειν
1670 3491 1728 3548 et
1770 3491 1938 3547 ratus
1982 3506 2082 3547 eas
2128 3484 2240 3568 (τα
2289 3484 2676 3571 πράγματα)
2725 3511 2842 3552 non
2893 3490 3012 3552 iam

642 3618 764 3662 osse
823 3595 1131 3669 eiu-smodi,
1202 3598 1268 3654 ιιι
1326 3593 1487 3654 ullus
1547 3597 1694 3653 esset
1747 3613 1942 3652 morae
1997 3591 2177 3653 locus.
2243 3589 2411 3654 Tum
2473 3613 2620 3658 vero
2667 3598 2876 3660 nescio
2927 3617 3005 3660 an

642 3700 1045 3767 scribendum
1090 3702 1175 3762 sit
1222 3696 1369 3760 οὐδὲ
1416 3695 1634 3776 (δεῖν)
1682 3696 1901 3759 παθεῖν
1949 3696 2077 3758 κτὲ.

734 3803 889 3890 Cap.
939 3803 1051 3878 43,
1104 3801 1146 3866 2
1194 3801 1641 3879 παραγγείλας
1692 3801 1752 3865 δὲ
1801 3799 1979 3864 πένθ’
2029 3804 2254 3879 ἡμερῶν
2303 3803 2474 3868 σιτία
2513 3806 2614 3868 καὶ
2658 3807 2798 3876 τοὺς
2841 3806 3015 3871 λιθο-

644 3913 862 3989 λόγους
904 3911 1006 3973 καὶ
1048 3907 1336 3979 τέκτονας
1378 3908 1590 3971 πάντα
1632 3907 1846 3984 λαβὼν
1887 3911 1990 3971 καὶ
2039 3905 2264 3994 [ἄλλην
2307 3914 2702 3989 παρασκευὴν
2748 3911 2888 3990 τοξ
2909 3939 3017 3977 ευ-

646 4018 917 4096 μόιτων
964 4040 1033 4079 τε
1080 4015 1221 4098 καὶ]
1268 4009 1384 4077 ὅσα
1430 4013 1587 4087 ἔδει,
1640 4013 1707 4087 ἣν
1755 4021 2047 4090 κρατῶσι,
2088 4013 2477 4096 τειχίζοντας
2515 4017 2700 4096 ἔχειν.
2753 4019 3013 4085 Frustra

645 4124 1030 4190 desudarunt
1090 4123 1215 4184 viri
1277 4120 1448 4184 docti
1502 4123 1569 4184 in
1629 4121 1999 4206 corrigenda
2058 4120 2328 4186 absurda
2387 4143 2540 4187 voce
2585 4123 2978 4201 τοξευμάτων
2997 4179 3014 4201 ,

646 4231 755 4296 sed
776 4279 791 4306 ‚
862 4227 1169 4313 quidquid
1238 4226 1609 4300 substituiS,
1678 4226 1939 4290 verbosa
2006 4233 2196 4311 atque
2265 4228 2480 4313 inepta
2529 4237 2742 4296 manet
2790 4237 3010 4299 oratio.

643 4336 1010 4402 Absurdum
1056 4335 1227 4398 enim
1274 4337 1371 4396 est
1416 4329 1614 4406 ἄλλην
1662 4333 2056 4410 παρασκευήν
2102 4339 2244 4418 post
2291 4331 2656 4412 λιθολόγους
2707 4339 2810 4402 καὶ
2876 4339 3014 4404 τέκ-

644 4467 845 4512 τονας.
894 4440 1037 4506 Non
1082 4441 1209 4504 nisi
1257 4437 1453 4503 litura
1496 4441 1751 4504 restitui
1796 4444 2002 4524 potest
2051 4460 2257 4504 sermo
2304 4443 2516 4506 nostro
2564 4442 2815 4530 dig-nus.
