3369 5142
569 313 696 398 156
1541 332 1972 403 mummia.

559 528 635 589 ut
696 524 922 589 fratres
984 523 1263 589 minores
1323 543 1582 607 prorsus
1627 545 1754 589 non
1802 526 2101 592 duxerint
2152 546 2380 593 uxores
2393 574 2411 605 ‚
2462 527 2690 594 deinde
2736 532 2812 594 ut
2830 576 2847 606 ,
2898 528 2954 591 si

564 629 884 715 duxerint,
931 628 1166 695 liberos
1209 630 1292 693 iis
1336 649 1463 695 non
1508 633 1903 715 pepererint,
1942 632 2201 697 tandem
2242 638 2347 717 ut,
2388 634 2445 698 si
2484 633 2750 713 liberos,
2790 632 2955 697 filias

563 740 818 801 tantum
877 736 1009 800 sint
1073 736 1316 800 enixae.
1373 772 1454 783 —
1505 734 1929 823 Epigramma
1990 738 2158 821 quod
2220 738 2522 803 laudatur
2568 761 2607 804 a
2653 742 2955 825 scriptore

567 840 654 905 54
701 846 861 907 extr.
911 842 1180 907 totidem
1219 840 1455 907 litteris
1500 840 1814 927 hodieque
1862 847 2070 908 exstat
2115 846 2183 908 in
2230 864 2374 911 arae
2422 847 2705 931 cymatio
2741 864 2955 911 recens

565 953 744 1015 eruto
815 968 1008 1034 prope
1083 944 1479 1013 Callirrhoen
1557 948 1636 1013 ad
1710 948 1849 1013 Ilisi
1916 951 2121 1036 ripam
2186 950 2503 1017 dextram.
2600 952 2954 1037 Receptum

567 1058 664 1121 est
709 1075 748 1119 a
793 1053 1188 1133 Kirchhoffio
1234 1055 1301 1117 in
1348 1051 1420 1119 G.
1455 1053 1504 1118 Ι.
1543 1052 1628 1119 A.
1666 1053 1757 1119 IV
1794 1075 1854 1139 p.
1902 1054 2010 1140 41,
2050 1059 2361 1141 scriptum
2402 1059 2497 1123 ita
2532 1063 2608 1122 ut
2647 1057 2954 1123 facillime

565 1160 773 1227 adhuc
841 1160 976 1247 legi
1017 1154 1267 1245 possit,
1333 1179 1458 1225 non
1520 1159 1807 1240 ἀμυδροῖς
1871 1160 2213 1242 γράμμασι
2233 1212 2251 1247 ,
2310 1163 2498 1248 quale
2546 1163 2954 1250 Thucydides

564 1288 631 1331 se
699 1265 934 1353 legisse
1002 1270 1310 1349 testatur,
1378 1266 1549 1331 unde
1615 1264 1865 1350 liquido
1936 1279 2220 1334 constare
2283 1268 2449 1334 mihi
2511 1270 2768 1336 videtur
2809 1272 2954 1354 post

562 1374 702 1439 eius
765 1376 1040 1437 aetatem
1109 1371 1398 1456 (fortasse
1466 1370 1776 1436 Romanis
1835 1372 2097 1438 demum
2162 1375 2575 1461 temporibus)
2642 1374 2912 1439 titulum
2930 1421 2949 1452 ,

561 1477 875 1562 (ἀρχαίοις
939 1481 1156 1541 tamen
1201 1474 1600 1566 γράμμασιν)
1652 1498 1787 1543 esse
1832 1484 2211 1545 renovatum
2230 1530 2247 1556 ‚
2294 1478 2449 1545 licet
2488 1480 2679 1546 aliter
2711 1481 2952 1546 iudicet

561 1584 990 1670 peritissimus
1051 1582 1280 1648 harum
1342 1604 1558 1649 rerum
1621 1584 1815 1650 iudex
1868 1585 2201 1670 Adolphus
2244 1586 2595 1652 Kirchhoff.
2686 1585 2953 1652 Prorsus

563 1692 734 1757 enim
798 1689 1192 1756 incredibilis
1253 1691 1416 1756 mihi
1478 1692 1738 1757 videtur
1806 1712 2025 1763 eorum
2094 1696 2409 1759 sententia
2480 1695 2592 1778 qui
2660 1692 2948 1771 ἀμυδροῖς

560 1800 904 1877 γράμμασι
988 1801 1312 1863 vetustam
1395 1796 1715 1862 scribendi
1796 1800 2110 1863 rationem
2197 1800 2468 1885 spectari
2540 1801 2909 1864 existiment
2929 1845 2947 1877 ,

561 1903 742 1987 quasi
811 1902 1179 1988 Thucydidi
1251 1902 1516 1968 obscura
1583 1922 1718 1969 esse
1785 1907 2111 1988 potuerint
2130 1954 2148 1979 ‚
2220 1926 2380 1989 quae
2446 1904 2698 1969 nullam
2765 1904 2951 1969 hodie

559 2007 926 2095 legentibus
991 2011 1140 2095 (non
1203 2010 1593 2093 antiquario·
1657 2008 1799 2073 dico
1861 2010 1970 2074 sed
2032 2012 2248 2076 minus
2294 2013 2694 2096 exercitatos)
2738 2015 2952 2075 creant

564 2110 1046 2182 difficultatem!
1142 2115 1325 2194 Quod
1387 2119 1540 2179 utut
1601 2118 1731 2193 est,
1798 2117 2124 2199 quantivis
2186 2119 2379 2201 pretii
2423 2116 2587 2202 lapis
2632 2121 2765 2201 est,
2805 2118 2953 2200 quia

558 2225 692 2289 iam
755 2226 1047 2288 accurate
1109 2225 1357 2286 constat
1375 2269 1393 2301 ‚
1457 2221 1573 2286 ubi
1636 2224 1835 2287 situm
1900 2222 2095 2287 fuerit
2156 2222 2313 2288 olim
2359 2223 2663 2309 Pythion.
2760 2222 2950 2287 Hunc

555 2328 774 2395 locum
835 2348 960 2393 non
1023 2326 1382 2411 relinquam
1441 2332 1783 2412 antequam
1846 2327 2288 2415 significavero
2354 2328 2441 2393 54
2486 2331 2523 2414 ᾖ
2570 2330 2610 2398 ’7
2658 2351 2693 2395 e
2738 2330 2949 2396 verbis

559 2433 663 2501 xx>
713 2436 798 2510 τῷ
845 2434 959 2512 μὲν
1007 2432 1069 2497 ἐν
1114 2442 1191 2516 τῇ
1241 2434 1442 2517 ἀγορᾷ
1491 2433 2044 2513 προσοικοδομήσοις
2086 2432 2288 2515 ὕςερον
2328 2435 2569 2513 ὅδῆμος
2600 2434 2949 2512 Ἀθηναίων

555 2538 763 2622 μεῖζον
834 2548 1024 2618 μῆκος
1094 2543 1202 2605 τοῦ
1267 2537 1484 2618 βωμοῦ
1551 2538 1815 2622 ἠφάνισε
1872 2539 2338 2622 τούπίγραμμα
2397 2562 2523 2609 non
2584 2541 2794 2609 solum
2839 2545 2948 2608 τοῦ

554 2649 774 2726 βωμοῦ
823 2645 1166 2712 delendum
1212 2665 1347 2712 esse
1393 2667 1542 2711 cum
1583 2645 1939 2725 Classenio,
1986 2647 2094 2712 sed
2134 2651 2330 2714 etiam
2370 2646 2740 2733 Ἀθηναίων,
2782 2649 2950 2734 quod

554 2753 659 2820 hic
729 2755 1006 2819 otiosum
1077 2756 1172 2818 est
1243 2757 1308 2816 et
1379 2751 1546 2818 certe
1608 2772 1647 2819 a
1708 2751 2087 2839 Thucydide
2150 2753 2177 2817 ὂ
2241 2751 2587 2829 Ἀθηναίων
2636 2755 2947 2841 scriptum

553 2860 730 2925 foret.
828 2858 1046 2924 Etiam
1110 2857 1194 2922 55
1251 2859 1289 2941 ᾖ
1353 2857 1389 2920 1
1457 2861 1490 2934 ἦ
1557 2857 1716 2933 ςῆλη
1768 2895 1851 2908 -
1904 2859 1939 2932 ἦ
1988 2859 2049 2922 ἔν
2094 2869 2171 2942 τῇ
2219 2858 2571 2935 ἈθηναΙων
2617 2861 2947 2942 ἀκροπόλει

553 2965 728 3032 idem
787 2984 1019 3030 nomen
1074 2965 1404 3049 proprium
1446 2962 1793 3029 admodum
1843 2963 2008 3029 mihi
2054 2970 2424 3052 suspectum
2468 2973 2582 3032 est.
2676 2965 2775 3032 De
2822 2987 2949 3052 qua

553 3072 814 3138 tandem
859 3070 985 3136 alia
1031 3090 1172 3136 arce
1217 3068 1324 3134 hic
1369 3090 1574 3136 sermo
1623 3090 1757 3136 esse
1803 3072 2014 3156 potuit
2030 3072 2062 3136 Ρ
2132 3071 2383 3138 Ibidem
2430 3078 2647 3138 autem
2692 3075 2947 3159 requiro

553 3183 630 3246 ut
673 3181 788 3243 aut
832 3177 1102 3262 repetito
1151 3175 1421 3242 articulo
1466 3178 1780 3242 scribatur
1825 3177 1860 3251 ἦ
1908 3178 2067 3252 ςήλη
2122 3177 2207 3263 (ἦ)
2252 3179 2383 3260 περὶ
2420 3187 2532 3256 τῆς
2572 3186 2691 3246 τῶν
2732 3180 2946 3262 τυράν-

553 3305 664 3350 νων
710 3281 957 3355 ἀδικίαις
1007 3283 1042 3356 ἧ
1089 3282 1148 3346 ἐν
1197 3279 1525 3362 ἀκροπόλει
1576 3283 1841 3351 caderem
1890 3289 2002 3348 aut
2042 3285 2421 3369 transposito
2460 3289 2493 3363 ἧ
2530 3287 2689 3362 ςήλιι
2736 3289 2769 3363 ἦ
2810 3286 2942 3368 περὶ

553 3397 665 3467 τῆς
727 3394 848 3454 τῶν
909 3386 1205 3469 τυράννων
1263 3387 1598 3460 &buclae
1663 3389 1724 3453 ἐν
1770 3397 1847 3470 τῇ
1896 3389 2224 3468 ἀκροπόλει
2270 3392 2553 3459 ςοιθεῖσοι.
2648 3391 2775 3459 Sed
2819 3413 2946 3460 non

553 3495 829 3562 diffiteor
873 3494 1044 3561 male
1089 3515 1196 3560 me
1240 3494 1473 3560 habere
1519 3493 1689 3560 illud
1734 3493 1978 3566 ἀδικίας
1999 3542 2015 3573 ,
2068 3516 2228 3580 quae
2276 3503 2758 3565 commemorari
2806 3503 2945 3586 qui·

553 3601 702 3668 dem
761 3602 973 3686 potuit
1032 3603 1100 3666 in
1157 3599 1415 3684 publico
1459 3605 1877 3666 monumento
1893 3647 1911 3679 ,
1963 3601 2071 3666 sed
2123 3604 2560 3688 inscriptionis
2606 3627 2944 3694 argumen-

551 3711 697 3773 tum
741 3727 875 3772 esse
919 3724 1045 3770 non
1085 3707 1332 3790 potuit,
1373 3727 1534 3790 quae
1571 3704 1796 3789 procul
1840 3705 2033 3771 dubio
2058 3707 2421 3773 continebat
2441 3710 2665 3796 populi
2688 3716 2944 3796 scitum,

553 3832 678 3898 quo
741 3811 1164 3879 Pisistratidis
1223 3811 1521 3876 omnibus
1581 3812 1915 3878 civitatem
1979 3811 2303 3878 ademtam
2350 3835 2485 3879 esse
2531 3817 2906 3883 crediderim
2924 3865 2943 3903 ‚

547 3922 934 4005 quapropter
992 3916 1357 4004 Thucydidi
1419 3936 1532 4001 pro
1595 3925 1954 3982 ΛΔΙΚΙΑΣ
2011 3917 2403 3985 reddendum
2466 3942 2601 3988 esse
2662 3925 2945 4010 suspicor

553 4033 968 4101 ΛΤῙΜΙΑΣ,
1017 4022 1400 4101 ἀτιμίας.
1453 4021 1660 4104 Quam
1708 4022 1945 4089 vellem
1989 4023 2110 4089 hoc
2157 4044 2407 4111 quoque
2450 4034 2943 4096 monumentum

553 4137 881 4200 servatum
936 4134 1128 4208 esset,
1179 4134 1255 4194 ut
1303 4130 1538 4195 certius
1586 4128 1783 4195 etiam
1830 4129 1949 4194 hac
2000 4129 2078 4195 de
2124 4151 2191 4196 re
2237 4132 2507 4198 iudicari
2553 4141 2785 4219 posset.

643 4239 892 4304 Ibidem
960 4237 995 4321 ᾖ
1043 4234 1082 4299 3
1156 4233 1259 4299 καὶ
1329 4235 1452 4314 οὐχ
1508 4236 1586 4305 ὥς
1647 4235 1923 4318 ἀδελφὸς
1974 4234 2247 4316 νεώτερος
2298 4237 2374 4301 ὢν
2422 4239 2747 4318 ἠπόρησεν,
2798 4241 2859 4304 ἐν
2900 4235 2942 4321 ᾧ

553 4346 620 4412 οὐ
689 4343 970 4427 πρότερον
1035 4340 1306 4421 ξυνεχῶς
1369 4341 1665 4417 ὦμιλήκει
1716 4349 1795 4422 τῇ
1845 4342 2039 4424 ἀρχῇ.
2080 4374 2090 4386 ·
2135 4339 2265 4407 Hic
2309 4347 2385 4407 ut
2433 4342 2583 4410 VIII
2630 4343 2742 4431 86,
2792 4345 2835 4410 4
2883 4345 2942 4410 ἕν

555 4447 599 4537 ᾧ
655 4471 780 4517 usu
841 4450 1168 4518 rarissimo
1229 4451 1325 4512 est
1383 4446 1878 4533 hypotheticum
1926 4453 1993 4514 et
2039 4447 2342 4534 explicari
2390 4453 2599 4534 potest
2642 4472 2756 4536 per
2799 4450 2942 4517 τότε
