3369 5142
592 261 727 331 250
1579 281 1966 333 rnom'n

598 457 899 538 εἰρημένος
964 452 1067 521 ὅδε
1134 454 1250 518 ὑπὸ
1299 461 1416 520 τῶν
1468 454 1755 534 Σαμίων,
1814 455 2062 522 πάντων
2115 461 2230 520 τῶν
2275 455 2551 520 ἐπίπλων
2601 457 2706 520 καὶ
2758 455 2973 536 ἄνδρα·

592 565 786 630 πάδων
832 564 917 629 τὰ
965 563 1195 638 ἡμίσεα
1244 561 1501 640 λαβέειν
1548 569 1663 626 τῶν
1715 564 1775 626 ἕν
1820 574 1898 644 τῇ
1947 562 2116 628 πόλι.
2211 562 2356 628 Non
2403 565 2614 650 magis
2651 564 2760 630 hio
2799 563 2978 630 loeus

590 669 869 737 difficilis
930 668 1264 734 intellectu
1324 675 1421 733 est
1481 689 1671 753 quam
1735 669 1849 735 illa
1909 691 2068 755 quae
2114 669 2422 756 leguntur
2464 669 2577 735 lx.
2627 668 2757 735 81:
2807 681 2977 735 Παυ-

592 777 773 859 σανίη
842 777 907 842 δὲ
968 775 1181 840 πάντα
1246 775 1395 840 δέκα
1458 773 1743 852 ἐξαιρέθη
1807 801 1877 840 τε
1942 777 2046 841 καὶ
2113 774 2334 861 ἐδόθη,
2385 786 2716 861 γυναῖκες,
2763 774 2974 854 ἵπποι,

594 884 927 957 τάλαντα,
1001 883 1307 959 κάμηλοι·
1376 884 1453 954 ὥς
1518 882 1569 946 δ’
1636 883 1840 953 αὔτως
1907 883 2010 948 καὶ
2084 882 2301 948 τᾶλλα
2361 886 2695 964 χρήματα.
2805 883 2978 949 Hine

590 991 819 1069 lucem¹
850 992 1079 1074 accipit
1128 988 1244 1054 ΙΙΙ.
1300 986 1420 1053 ¹74:
1482 989 1954 1069 ὑπισχνεύμενοι
2001 989 2112 1074 (τοὶ
2161 988 2331 1054 delet
2367 989 2721 1077 Dobraeus)
2761 993 2974 1057 πάντα

592 1099 645 1166 οἱ
717 1097 905 1176 μυρία
976 1096 1212 1162 δώσειν·
1278 1097 1587 1160 nimirum
1649 1096 1834 1183 Magi
1883 1095 2156 1181 polliciti
2204 1101 2387 1178 suut,
2430 1099 2718 1162 omnium
2765 1119 2975 1164 rerum

592 1225 753 1292 quae
808 1205 1078 1290 cogitari
1142 1207 1426 1287 possent,
1492 1223 1559 1267 se
1621 1223 1886 1267 sexcena
1947 1205 2296 1288 specimina
2345 1201 2645 1288 Prexaspi
2694 1202 2976 1270 daturos.

598 1315 727 1377 Mos
773 1311 1033 1396 qnidam
1072 1309 1327 1374 videtur
1365 1307 1558 1373 fuisse
1598 1309 1787 1394 apud.
1835 1309 2092 1386 Persas,
2137 1309 2302 1374 unde
2341 1307 2528 1374 fluxit
2569 1311 2634 1375 id
2683 1311 2851 1395 quod
2899 1311 2975 1378 de

591 1419 910 1484 Pausania
978 1413 1253 1480 traditur
1322 1420 1385 1480 et
1454 1415 1620 1479 unde
1689 1417 1885 1480 etiam
1955 1413 2143 1500 plana
2210 1413 2400 1499 fiunt,
2462 1435 2620 1500 quae
2682 1415 2969 1483 Mehlero

594 1525 858 1590 obscura
918 1520 1299 1587 videbantur
1356 1518 1463 1584 IV.
1515 1518 1637 1585 88:
1691 1529 1946 1600 Δαρεῖος
1994 1521 2057 1584 δὲ
2104 1520 2274 1597 μετὰ
2321 1525 2568 1605 ταῦτα,
2632 1519 2843 1596 ἡσθεὶς
2890 1533 2966 1605 τῇ

599 1632 844 1713 σχεδίῃ,
898 1629 1000 1692 τὸν
1047 1627 1457 1707 ἀρχιτέκτονα
1506 1627 1700 1702 αὐτῆς
1749 1625 2152 1707 Μανδροκλέα
2204 1627 2308 1693 τὸν
2359 1628 2600 1706 Σοὶμιον
2634 1629 2972 1708 ἐδωρήσατο

599 1742 770 1803 πᾶσι·
796 1735 983 1801 δέκαε
1024 1733 1199 1800 dedit
1238 1737 1411 1798 enim
1436 1733 1651 1800 decem
1677 1732 1961 1812 ancillas,
1987 1734 2202 1800 decem
2230 1755 2443 1820 equos,
2469 1735 2687 1801 decem
2712 1736 2972 1816 talenta,

599 1845 817 1910 decem
859 1841 1133 1908 camelos
1174 1847 1365 1925 atque
1404 1842 1494 1905 sic
1520 1841 1828 1926 deinceps.
1881 1840 2134 1906 Diserte
2159 1841 2382 1906 scribit
2405 1841 2853 1928 Theopompus
2875 1865 2974 1931 ap.

597 1952 826 2017 Athen.
877 1948 984 2015 IV.
1032 1969 1092 2033 p.
1152 1945 1279 2011 144
1328 1946 1403 2032 F,
1452 1946 1637 2034 Thyn
1691 1945 2164 2035 Paphlagoniae
2208 1968 2427 2036 regem
2483 1949 2703 2014 ἑκατὸν
2764 1950 2977 2016 πάντα

598 2053 1075 2137 παρατίθεσθαι
1139 2054 1492 2118 δειπνοῦντα
1558 2056 1657 2118 ἐπὶ
1710 2055 1820 2125 την
1865 2053 2180 2135 τράπεζαν
2230 2058 2355 2122 ἀπὸ
2404 2055 2562 2134 βοῶν
2609 2054 2972 2134 ἀρξάμενον.

598 2165 697 2231 Ad
744 2185 891 2229 eum
941 2160 1153 2226 locum
1204 2159 1612 2228 Gasaubouus
1656 2163 1722 2224 in
1770 2162 2058 2226 Animm.
2106 2182 2168 2247 p.
2219 2159 2353 2229 270
2401 2163 2578 2230 affert
2627 2164 2976 2230 Pindarum

598 2292 702 2357 ap.
776 2269 1149 2334 Strabonem
1212 2265 1309 2331 111
1368 2287 1427 2352 p.
1498 2263 1654 2342 232,
1732 2269 1842 2351 qui
1905 2268 2119 2332 πάντα
2183 2265 2355 2333 θύειν
2417 2269 2636 2334 ἑκατὸν
2698 2269 2862 2335 dixit
2909 2277 2974 2336 et

596 2377 1017 2443 Parthenium
1080 2394 1133 2439 c.
1184 2371 1253 2438 9:
1320 2374 1511 2445 αὐτὴν
1574 2373 1840 2456 δημοσία
1903 2375 2234 2438 θάπτουσιν
2296 2377 2356 2440 ἐν
2402 2377 2488 2456 τῷ
2531 2377 2716 2458 πεδίῳ
2763 2379 2973 2442 πάντα

601 2484 817 2548 ἑκατὸν
888 2482 1293 2560 ἕναγίσαντες
1367 2481 1550 2561 αὐτῇ.
1644 2479 2032 2544 Plutarchus
2101 2480 2268 2545 dixit
2327 2484 2395 2546 in
2459 2479 2778 2548 Coriolani
2837 2486 2976 2550 vita

598 2614 651 2658 c.
716 2592 834 2656 10:
899 2591 1140 2654 πολλῶν
1205 2590 1545 2669 χρημάτων
1592 2587 1699 2652 καὶ
1746 2584 1946 2651 ἵππων
1994 2588 2340 2667 γεγονότων
2389 2591 2816 2671 αἰχμαλώτων
2865 2592 2969 2657 καὶ

597 2694 927 2777 ἀνθρώπων
992 2694 1307 2760 ἐκέλευσεν
1372 2695 1559 2758 αὑτὸν
1624 2691 1953 2771 ἐξελέσθαι
2004 2694 2154 2760 δέκα
2201 2698 2414 2761 πάντα
2460 2699 2570 2777 πρὸ
2613 2703 2720 2763 τοῦ
2769 2699 2970 2774 νέμειν

595 2810 722 2874 τοῖς
788 2800 1023 2875 ἄλλοις.
1121 2802 1330 2887 Atque
1387 2801 1605 2866 eodem
1658 2800 1845 2865 modo
1893 2803 2062 2887 apud
2107 2800 2476 2889 Ephippum
2523 2807 2973 2873 verosimiliter

602 2929 938 2995 reponam:

1499 3012 1700 3083 λοπάς
1749 3014 1838 3081 ἐς·’
1889 3015 2058 3094 αὐτῷ

1221 3120 1447 3194 δυνατὴ
1496 3120 1817 3191 πάντας
1863 3128 2084 3201 χωρεῖν
2131 3121 2391 3205 ἑκατόν,

599 3248 828 3313 nempe
873 3250 950 3293 ex
996 3229 1171 3293 omni
1217 3246 1445 3313 genere
1491 3228 1788 3310 piscium.

687 3438 1147 3526 Fragmentum
1194 3434 1473 3521 Ephippi
1520 3442 1617 3499 est
1661 3436 1830 3520 apud
1875 3436 2106 3502 Athen.
2159 3436 2252 3502 XI
2295 3458 2359 3523 p.
2413 3438 2542 3505 509
2591 3438 2686 3507 G:

961 3542 1154 3607 ἔπειτ’
1200 3542 1442 3612 cinaeda
1491 3540 1745 3621 εὔςοχος
1795 3542 2071 3621 νεανίας,

957 3657 1074 3713 τῶν
1123 3646 1191 3723 ἐξ
1240 3646 1666 3725 Ἀκαδημείας
1717 3672 1810 3718 τις
1861 3648 2006 3714 ὑπὸ
2055 3649 2452 3715 Πλάτωνα
2502 3653 2641 3716 καὶ

962 3752 2582 3836 Βρυσωνοθρασυμαχειοληψικερματων

970 3860 1235 3938 πληγεὶς
1284 3859 1566 3942 ἀνάγκη,
1614 3860 2134 3943 ληψολιγομίσθῳ
2180 3862 2373 3948 τέχνη

961 3966 1147 4032 συνών
1193 3989 1325 4049 τις,
1371 3968 1479 4031 οὐκ
1526 3963 1822 4031 ἄσκεπτα
1868 3966 2198 4044 δυνάμενος
2248 3970 2496 4055 λέγειν,

967 4067 1033 4137 εὖ
1080 4073 1193 4151 μὲν
1241 4072 1540 4155 μαχαίρᾳ
1593 4070 1731 4148 ξύς·’
1780 4074 1940 4155 ἔχων
1988 4072 2396 4157 τριχώματα,

951 4176 1017 4244 εὖ
1062 4180 1114 4245 δ’
1166 4176 1520 4251 ὑποκαθιεὶς
1570 4177 1849 4259 ἄτομα
1897 4180 2182 4258 πώγωνος
2231 4181 2440 4258 βάθη,
2493 4188 2614 4249 cet.

591 4289 907 4356 Describit
970 4292 1155 4372 poeta
1217 4284 1718 4363 adulescentem,
1790 4290 1900 4371 qui
1960 4308 1994 4352 e
2054 4288 2340 4354 Platonis
2385 4290 2600 4355 schola
2652 4289 2979 4356 descendit

580 4401 647 4464 in
725 4396 938 4462 forum
1013 4400 1078 4459 et
1146 4390 1569 4459 calumniator
1637 4393 1847 4459 factus
1919 4399 2037 4460 est.
2132 4394 2380 4481 Nempe
2448 4394 2640 4463 Plato
2715 4399 2980 4482 eiusque
