3369 5142
614 274 741 344 426
1606 294 1988 343 monzun

607 468 831 549 χείρων
900 469 992 534 ibi
1061 469 1319 553 scripsi:
1394 467 1902 548 ὑποβρύχιον
1957 466 2059 532 τὸν
2123 470 2252 531 νοῦν
2319 467 2480 549 ἔχων
2527 469 2614 539 εἷς
2661 466 2764 531 τὸν
2811 470 2978 533 πίθον

609 574 856 653 muna,
923 580 985 640 et
1042 580 1265 641 notum
1330 579 1426 640 est
1473 576 1626 660 quid
1674 574 1759 639 sit
1805 572 2174 654 ὑποβρέχειν
2225 580 2288 641 et
2335 579 2446 661 qui
2495 575 2788 642 dicantur
2837 577 2978 641 ὑπο-

607 680 1019 761 βεβρεγμένοι
1083 688 1179 759 et,
1241 682 1295 745 si
1359 684 1500 765 quis
1546 680 1732 766 plura
1777 683 1988 765 cupit,
2039 681 2210 746 adire
2253 684 2488 767 poterit
2535 679 2979 749 casaubonum

606 791 673 853 in
718 790 1006 853 Animm.
1056 788 1135 853 sd
1178 784 1581 853 Athenaeum
1630 809 1696 873 p.
1743 786 1852 852 66.

694 1003 999 1089 Diphilus
1036 1008 1223 1089 poeta
1260 1004 1581 1087 scripsisse
1620 1002 1820 1067 fertur
1863 1001 2145 1068 fabulam
2175 1003 2661 1067 Ἀπολιποῦσαν.
2715 1004 2981 1086 Quoties

603 1133 675 1178 es
746 1112 1071 1177 comoedia
1133 1110 1462 1185 laudatur,
1527 1112 1718 1173 toties
1782 1108 2250 1173 ’Λπολείπουσα
2315 1111 2785 1176 rescribendum
2837 1114 2974 1176 erit.

604 1216 712 1282 Sic
789 1218 1069 1305 legimus
1139 1217 1636 1283 Ἀπολείπουσοιν
1713 1219 2034 1299 scripsisse
2105 1220 2450 1300 utrumque
2520 1216 2978 1302 Apollodorum

603 1330 854 1409 poetam
878 1370 894 1401 ,
966 1323 1073 1388 sed
1137 1328 1379 1387 erratur
1440 1325 1507 1388 in
1574 1320 1765 1388 titulo
1812 1319 2074 1407 Crobyli
2124 1322 2394 1387 fabulae.
2489 1322 2750 1409 Semper
2799 1346 2974 1389 usur-

603 1434 758 1517 pant
793 1450 1082 1515 praesens
1119 1434 1402 1513 tempus3
1452 1428 1892 1514 Aristophanis
1927 1430 2223 1494 novimus
2263 1428 2885 1511 Θεσμοφοριαζούσας
2913 1436 2978 1497 et

607 1533 1173 1613 Ἐκκλησιαζούσαις
1222 1540 1286 1599 et
1332 1533 1577 1601 infinita
1624 1544 1720 1599 est
1767 1533 2102 1599 titulorum
2149 1537 2367 1619 copia,
2411 1537 2478 1599 in
2517 1556 2639 1620 quo
2687 1558 2976 1621 praesens

606 1648 861 1727 tempus
925 1648 1301 1728 perpetuum
1368 1648 1461 1706 est
1516 1640 1618 1705 vel
1668 1642 1932 1705 fortasse
1979 1642 2326 1725 perfectum
2348 1688 2366 1717 ‚
2415 1643 2606 1707 sicuti
2652 1642 2778 1706 fuit
2822 1642 2971 1707 Ale-

607 1749 773 1815 xidis
845 1748 1445 1827 Ἀπεγλαυκωμένος
1464 1796 1481 1825 ,
1548 1748 1655 1813 sed
1721 1750 1949 1813 aoristo
1991 1751 2056 1811 in
2104 1748 2358 1813 fabulae
2402 1750 2810 1833 inscriptione
2849 1770 2976 1815 non

606 1861 702 1923 est
744 1856 941 1922 locus.
1034 1854 1277 1919 Deinde
1321 1876 1381 1939 p.
1435 1852 1566 1918 388
1614 1853 1868 1939 supple:

1016 1962 1255 2045 (ἡμῖν)
1304 1960 1554 2039 νόμιμον
1601 1966 1751 2025 τοῦτ
1798 1958 1926 2037 ἐςὶ,
1975 1960 2248 2038 βέλη-ς’,
2301 1958 2543 2024 ἐνθάδε.

607 2070 681 2133 Ρ.
733 2067 862 2133 395
913 2068 1080 2153 apud
1120 2068 1389 2133 eundem
1426 2066 1770 2153 Diphilum
1809 2087 2046 2152 coquus
2089 2068 2515 2148 demonstrat,
2555 2066 2786 2149 quibus
2809 2088 2975 2132 mor-

605 2175 840 2242 talibus
906 2196 1051 2241 cum
1122 2175 1335 2239 fructu
1404 2194 1657 2259 operam
1724 2195 1906 2239 susm
1973 2174 2176 2239 locare
2237 2172 2438 2239 soleat
2501 2175 2827 2256 utiturque
2874 2174 2975 2239 his

603 2283 841 2349 verbis:

966 2387 1119 2453 ἀλλ’
1169 2386 1365 2466 ἕτερος
1416 2386 1857 2451 εἰσπέπλευκεν
1907 2387 1974 2449 ἐκ
2021 2384 2351 2467 Βυζαντίου

964 2501 1265 2576 τριταῖος.
1315 2494 1594 2571 ἀπαθής,
1645 2492 2128 2571 εὐπορηκώς,
2178 2494 2552 2574 περιχαρής,

963 2605 1043 2676 εἷς
1088 2601 1208 2668 δέκ’
1256 2601 1354 2666 ἐπὶ
1404 2611 1479 2684 τῇ·
1528 2608 1655 2684 μνᾷ
1705 2599 2027 2679 γεγονέναι
2077 2599 2181 2664 καὶ
2231 2601 2497 2675 δώδεκα,

966 2715 1173 2773 λοιλῶν
1221 2709 1304 2772 τὰ
1360 2711 1563 2772 νοιῦλοι
1613 2707 1716 2772 καὶ
1767 2705 1954 2772 δάνει’
2007 2707 2391 2790 ἐρυγγάνων,

962 2812 1269 2897 ἀφροδίσι’
1320 2814 1435 2878 ὑπὸ
1484 2815 1747 2895 κόλλοψι
1795 2822 2132 2894 μοιςροποῒς
2183 2821 2399 2878 ποιῶν·

963 2922 1075 2986 ὑπὸ
1122 2927 1332 2986 τοῦτον
1384 2921 1725 3001 ὑπέμυξ’
1775 2919 1961 2992 εὐθὺς
2013 2920 2433 2999 ἐκβεβηκότα.

598 3033 895 3096 Primum
968 3033 1077 3114 qui
1148 3049 1443 3113 prospera
1500 3031 1908 3116 navigatione
1971 3049 2125 3093 usus
2175 3035 2306 3106 est,
2353 3049 2478 3094 non
2523 3029 2648 3092 fuit
2695 3031 2750 3092 is
2799 3029 2976 3092 εὐπο-

598 3134 819 3216 ρηκώς,
888 3137 994 3201 sed
1059 3134 1519 3208 εὐπλοηκώς
1570 3135 1872 3200 dicendus
1918 3142 2014 3200 est
2129 3133 2250 3199 Sed
2298 3136 2451 3220 quid
2497 3141 2593 3200 est
2639 3131 2975 3212 ὑπέμυξαῗ

601 3243 1192 3324 Schweighauserus
1256 3241 1540 3306 tentabat
1603 3239 1918 3326 ὑπέμιξοι,
1967 3244 2146 3328 'quod
2208 3265 2330 3310 non
2397 3243 2607 3327 magis
2652 3241 2778 3306 huc
2823 3262 2974 3325 qua·

602 3351 761 3416 drat.
828 3348 1155 3428 Quomodo
1203 3345 1441 3412 Graece
1489 3347 1724 3413 dicitur
1767 3371 1890 3412 sese
1936 3349 2002 3410 in.
2041 3351 2298 3412 alicuius
2327 3353 2586 3429 qratiam
2625 3345 2972 3410 insinuare?

598 3454 943 3524 Credebam
994 3456 1058 3521 id
1108 3457 1261 3520 satis
1310 3458 1533 3518 notum
1580 3475 1714 3519 esse
1763 3461 1825 3518 et
1873 3454 2120 3540 legam:
2885 3439 2896 3448 ’

1053 3561 1165 3624 ὑπὸ
1214 3565 1421 3624 τοῦτον
1473 3558 1764 3623 ὑπέδυν
1815 3558 2001 3632 εὐθὺς
2051 3561 2469 3638 ἐκβεβηκότα.

684 3767 1049 3838 Meinekius
1095 3792 1155 3855 p.
1207 3767 1338 3834 402
1384 3771 1637 3855 Diphili
1676 3773 2108 3858 fragmentum
2155 3770 2248 3834 ita
2292 3770 2531 3836 edidit:

1412 3877 1636 3957 ἔγχεον
1684 3879 1759 3942 σὺ
1809 3877 1878 3948 δὴ
1924 3883 2104 3940 πιεῖν.

1004 3981 1387 4064 εὐζωρότερόν
1435 4008 1511 4060 γε
1562 3983 1627 4056 νὺ
1680 3983 1801 4059 Δί’,
1848 3979 1890 4047 ὦ
1939 3991 2084 4060 παῖ,
2139 3981 2270 4052 δός·
2324 3983 2393 4047 τὸ
2441 3983 2565 4063 γάρ

999 4090 1204 4168 ὑδαρὲς
1250 4087 1425 4154 ἅπαν
1470 4086 1641 4152 τοῦτ’
1695 4089 1782 4157 gc)
1833 4099 1909 4170 τῇ
1955 4095 2138 4170 ψυχῇ
2188 4090 2404 4166 κακόν,

584 4202 801 4284 itaque
846 4217 971 4263 non
1018 4197 1272 4262 videtur
1317 4195 1838 4260 animadvertisse
1881 4198 2047 4260 inter
2092 4197 2250 4260 duas
2298 4215 2589 4280 personas
2637 4195 2756 4262 hoc
2797 4197 2970 4285 frag-

584 4311 877 4373 mentum
946 4302 1453 4369 distribuendum
1517 4323 1667 4366 esse.
1767 4300 1888 4380 Qui
1955 4305 2124 4387 prior
2182 4301 2501 4387 loquitur,
2551 4305 2772 4368 vinum
2829 4307 2962 4389 pin·

577 4431 827 4478 cernam
896 4409 1226 4474 infundere
1290 4409 1509 4494 jubet:
1584 4405 1807 4486 ἔγχεον
1871 4410 1947 4472 σὺ
2018 4409 2087 4482 δὴ
2141 4416 2297 4472 πιεῖν
2351 4408 2593 4492 reliqua.
2641 4408 2806 4474 alius
2853 4413 2962 4494 qui
