<?xml version="1.0" encoding="UTF-8"?>
<!DOCTYPE html PUBLIC "-//W3C//DTD XHTML 1.0 Transitional//EN"
    "http://www.w3.org/TR/xhtml1/DTD/xhtml1-transitional.dtd">
<html xmlns="http://www.w3.org/1999/xhtml" xml:lang="en" lang="en">
 <head>
  <title>
</title>
<meta http-equiv="Content-Type" content="text/html;charset=utf-8" />
  <meta name='ocr-system' content='tesseract 3.04.00' />
  <meta name='ocr-capabilities' content='ocr_page ocr_carea ocr_par ocr_line ocrx_word'/>
</head>
<body>
  <div class='ocr_page' id='page_1' title='image "./mnemosynevolume01verdgoog_0356.png"; bbox 0 0 3369 5142; ppageno 0'>
   <div class='ocr_carea' id='block_1_1' title="bbox 584 279 1892 350">
    <p class='ocr_par' dir='ltr' id='par_1_1' title="bbox 584 279 1892 350">
     <span class='ocr_line' id='line_1_1' title="bbox 584 279 1892 350; baseline 0.001 -1"><span class='ocrx_word' id='word_1_1' title='bbox 584 279 715 349; x_wconf 88' lang='grc'>330</span> <span class='ocrx_word' id='word_1_2' title='bbox 1666 301 1892 350; x_wconf 65' lang='lat' dir='ltr'>Puro.</span> 
     </span>
    </p>
   </div>
   <div class='ocr_carea' id='block_1_2' title="bbox 579 473 3040 3117">
    <p class='ocr_par' dir='ltr' id='par_1_2' title="bbox 587 473 2962 666">
     <span class='ocr_line' id='line_1_2' title="bbox 591 473 2962 554; baseline 0.002 -16"><span class='ocrx_word' id='word_1_3' title='bbox 591 473 897 540; x_wconf 79' lang='lat' dir='ltr'>exemerit</span> <span class='ocrx_word' id='word_1_4' title='bbox 958 477 1185 554; x_wconf 82' lang='grc' dir='ltr'><strong><em>πρῶτον</em></strong></span> <span class='ocrx_word' id='word_1_5' title='bbox 1246 473 1444 540; x_wconf 89' lang='lat' dir='ltr'>simul</span> <span class='ocrx_word' id='word_1_6' title='bbox 1492 474 1570 539; x_wconf 90' lang='lat' dir='ltr'>de</span> <span class='ocrx_word' id='word_1_7' title='bbox 1616 475 1886 540; x_wconf 83' lang='lat' dir='ltr'>veritate</span> <span class='ocrx_word' id='word_1_8' title='bbox 1932 474 2089 541; x_wconf 85' lang='lat' dir='ltr'>dicti</span> <span class='ocrx_word' id='word_1_9' title='bbox 2133 480 2199 541; x_wconf 89' lang='lat' dir='ltr'>et</span> <span class='ocrx_word' id='word_1_10' title='bbox 2245 475 2324 542; x_wconf 88' lang='lat' dir='ltr'>de</span> <span class='ocrx_word' id='word_1_11' title='bbox 2369 479 2702 544; x_wconf 81' lang='lat' dir='ltr'>venustate</span> <span class='ocrx_word' id='word_1_12' title='bbox 2747 479 2962 542; x_wconf 86' lang='lat' dir='ltr'>actum</span> 
     </span>
     <span class='ocr_line' id='line_1_3' title="bbox 587 579 1691 666; baseline -0.001 -20"><span class='ocrx_word' id='word_1_13' title='bbox 587 585 737 658; x_wconf 90' lang='lat' dir='ltr'>erit,</span> <span class='ocrx_word' id='word_1_14' title='bbox 788 587 864 646; x_wconf 90' lang='lat' dir='ltr'>ut</span> <span class='ocrx_word' id='word_1_15' title='bbox 908 602 1073 646; x_wconf 88' lang='lat' dir='ltr'>nunc</span> <span class='ocrx_word' id='word_1_16' title='bbox 1121 580 1289 666; x_wconf 89' lang='lat' dir='ltr'>apud</span> <span class='ocrx_word' id='word_1_17' title='bbox 1332 579 1691 646; x_wconf 79' lang='lat' dir='ltr'>Platonem.</span> 
     </span>
    </p>

    <p class='ocr_par' dir='ltr' id='par_1_3' title="bbox 579 687 2963 2266">
     <span class='ocr_line' id='line_1_4' title="bbox 677 687 2960 766; baseline 0 -12"><span class='ocrx_word' id='word_1_18' title='bbox 677 687 800 754; x_wconf 84' lang='lat' dir='ltr'>Sed</span> <span class='ocrx_word' id='word_1_19' title='bbox 860 689 1104 752; x_wconf 83' lang='lat' dir='ltr'>omittit</span> <span class='ocrx_word' id='word_1_20' title='bbox 1168 693 1401 766; x_wconf 83' lang='grc' dir='ltr'><strong><em>πρῶτον</em></strong></span> <span class='ocrx_word' id='word_1_21' title='bbox 1444 687 1808 752; x_wconf 81' lang='lat' dir='ltr'>Athenaeus</span> <span class='ocrx_word' id='word_1_22' title='bbox 1854 688 2022 754; x_wconf 86' lang='lat' dir='ltr'>hunc</span> <span class='ocrx_word' id='word_1_23' title='bbox 2067 689 2280 754; x_wconf 92' lang='lat' dir='ltr'>locum</span> <span class='ocrx_word' id='word_1_24' title='bbox 2330 690 2685 756; x_wconf 87' lang='lat' dir='ltr'>describens</span> <span class='ocrx_word' id='word_1_25' title='bbox 2734 689 2805 756; x_wconf 90' lang='lat' dir='ltr'>V.</span> <span class='ocrx_word' id='word_1_26' title='bbox 2855 687 2960 754; x_wconf 89' lang='grc'>61.</span> 
     </span>
     <span class='ocr_line' id='line_1_5' title="bbox 590 791 2963 880; baseline 0 -21"><span class='ocrx_word' id='word_1_27' title='bbox 590 797 771 880; x_wconf 89' lang='lat' dir='ltr'>quasi</span> <span class='ocrx_word' id='word_1_28' title='bbox 837 814 986 861; x_wconf 84' lang='lat' dir='ltr'>vero</span> <span class='ocrx_word' id='word_1_29' title='bbox 1050 793 1283 858; x_wconf 88' lang='lat' dir='ltr'>menda</span> <span class='ocrx_word' id='word_1_30' title='bbox 1350 791 1668 858; x_wconf 77' lang='lat' dir='ltr'>Platonici</span> <span class='ocrx_word' id='word_1_31' title='bbox 1729 798 1944 859; x_wconf 83' lang='lat' dir='ltr'>textus</span> <span class='ocrx_word' id='word_1_32' title='bbox 2006 796 2335 880; x_wconf 85' lang='lat' dir='ltr'>complura</span> <span class='ocrx_word' id='word_1_33' title='bbox 2395 817 2521 862; x_wconf 92' lang='lat' dir='ltr'>non</span> <span class='ocrx_word' id='word_1_34' title='bbox 2585 800 2792 862; x_wconf 87' lang='lat' dir='ltr'>essent</span> <span class='ocrx_word' id='word_1_35' title='bbox 2847 795 2963 861; x_wconf 89' lang='lat' dir='ltr'>ali-</span> 
     </span>
     <span class='ocr_line' id='line_1_6' title="bbox 592 897 2958 988; baseline -0 -22"><span class='ocrx_word' id='word_1_36' title='bbox 592 905 827 986; x_wconf 87' lang='lat' dir='ltr'>quanto</span> <span class='ocrx_word' id='word_1_37' title='bbox 887 902 1242 984; x_wconf 82' lang='lat' dir='ltr'>antiquiora</span> <span class='ocrx_word' id='word_1_38' title='bbox 1302 919 1495 984; x_wconf 90' lang='lat' dir='ltr'>quam</span> <span class='ocrx_word' id='word_1_39' title='bbox 1555 897 1942 965; x_wconf 81' lang='lat' dir='ltr'>Athenaeus,</span> <span class='ocrx_word' id='word_1_40' title='bbox 2003 899 2252 967; x_wconf 82' lang='lat' dir='ltr'>Diserte</span> <span class='ocrx_word' id='word_1_41' title='bbox 2315 923 2533 968; x_wconf 83' lang='lat' dir='ltr'>veram</span> <span class='ocrx_word' id='word_1_42' title='bbox 2581 901 2958 988; x_wconf 81' lang='lat' dir='ltr'>scripturam</span> 
     </span>
     <span class='ocr_line' id='line_1_7' title="bbox 589 1005 2962 1098; baseline 0 -25"><span class='ocrx_word' id='word_1_43' title='bbox 589 1012 1045 1074; x_wconf 85' lang='lat' dir='ltr'>commemorat</span> <span class='ocrx_word' id='word_1_44' title='bbox 1106 1005 1461 1072; x_wconf 81' lang='lat' dir='ltr'>Scholiasta</span> <span class='ocrx_word' id='word_1_45' title='bbox 1520 1006 1600 1071; x_wconf 87' lang='lat' dir='ltr'>ad</span> <span class='ocrx_word' id='word_1_46' title='bbox 1658 1006 1724 1070; x_wconf 91' lang='lat' dir='ltr'>h.</span> <span class='ocrx_word' id='word_1_47' title='bbox 1750 1005 1797 1072; x_wconf 93' lang='grc'>1.</span> <span class='ocrx_word' id='word_1_48' title='bbox 1861 1007 1967 1093; x_wconf 91' lang='lat' dir='ltr'>qui</span> <span class='ocrx_word' id='word_1_49' title='bbox 2019 1007 2270 1096; x_wconf 79' lang='lat' dir='ltr'>colligit</span> <span class='ocrx_word' id='word_1_50' title='bbox 2317 1008 2637 1098; x_wconf 80' lang='lat' dir='ltr'>elegantes</span> <span class='ocrx_word' id='word_1_51' title='bbox 2687 1006 2962 1075; x_wconf 83' lang='lat' dir='ltr'>Graecas</span> 
     </span>
     <span class='ocr_line' id='line_1_8' title="bbox 588 1111 2962 1200; baseline 0 -20"><span class='ocrx_word' id='word_1_52' title='bbox 588 1113 939 1181; x_wconf 87' lang='lat' dir='ltr'>locutiones</span> <span class='ocrx_word' id='word_1_53' title='bbox 957 1161 974 1190; x_wconf 86' lang='lat'>,</span> <span class='ocrx_word' id='word_1_54' title='bbox 1026 1113 1102 1178; x_wconf 87' lang='lat' dir='ltr'>de</span> <span class='ocrx_word' id='word_1_55' title='bbox 1148 1115 1230 1177; x_wconf 91' lang='lat' dir='ltr'>iis</span> <span class='ocrx_word' id='word_1_56' title='bbox 1274 1111 1487 1197; x_wconf 73' lang='lat' dir='ltr'>quibus</span> <span class='ocrx_word' id='word_1_57' title='bbox 1514 1112 1721 1196; x_wconf 81' lang='lat' dir='ltr'>prima</span> <span class='ocrx_word' id='word_1_58' title='bbox 1764 1115 1948 1177; x_wconf 84' lang='lat' dir='ltr'>barba</span> <span class='ocrx_word' id='word_1_59' title='bbox 1983 1120 2328 1200; x_wconf 68' lang='lat' dir='ltr'>succrescit,</span> <span class='ocrx_word' id='word_1_60' title='bbox 2369 1121 2480 1182; x_wconf 85' lang='lat' dir='ltr'>aut</span> <span class='ocrx_word' id='word_1_61' title='bbox 2503 1115 2708 1199; x_wconf 79' lang='lat' dir='ltr'>prima</span> <span class='ocrx_word' id='word_1_62' title='bbox 2749 1119 2962 1196; x_wconf 59' lang='lat' dir='ltr'>lanugo</span> 
     </span>
     <span class='ocr_line' id='line_1_9' title="bbox 579 1219 2959 1306; baseline -0.001 -19"><span class='ocrx_word' id='word_1_63' title='bbox 579 1246 761 1306; x_wconf 71' lang='lat' dir='ltr'>ymas</span> <span class='ocrx_word' id='word_1_64' title='bbox 823 1221 1017 1286; x_wconf 71' lang='lat' dir='ltr'>vestit.</span> <span class='ocrx_word' id='word_1_65' title='bbox 1110 1219 1373 1284; x_wconf 80' lang='lat' dir='ltr'>Editur:</span> <span class='ocrx_word' id='word_1_66' title='bbox 1441 1221 1724 1297; x_wconf 82' lang='grc' dir='ltr'><strong><em>πώγωνος</em></strong></span> <span class='ocrx_word' id='word_1_67' title='bbox 1787 1219 1894 1296; x_wconf 77' lang='grc' dir='ltr'>ἤδη</span> <span class='ocrx_word' id='word_1_68' title='bbox 1961 1222 2556 1306; x_wconf 72' lang='grc' dir='ltr'><strong><em>ὑποπιμπλάμενος]</em></strong></span> <span class='ocrx_word' id='word_1_69' title='bbox 2604 1231 2714 1298; x_wconf 74' lang='grc' dir='ltr'>τῆς</span> <span class='ocrx_word' id='word_1_70' title='bbox 2765 1223 2959 1296; x_wconf 75' lang='grc' dir='ltr'><strong><em>αὐτῆς</em></strong></span> 
     </span>
     <span class='ocr_line' id='line_1_10' title="bbox 587 1323 2958 1410; baseline -0 -16"><span class='ocrx_word' id='word_1_71' title='bbox 587 1327 873 1410; x_wconf 86' lang='grc' dir='ltr'><strong><em>φράσεως</em></strong></span> <span class='ocrx_word' id='word_1_72' title='bbox 939 1326 1041 1390; x_wconf 78' lang='grc' dir='ltr'>καὶ</span> <span class='ocrx_word' id='word_1_73' title='bbox 1100 1329 1169 1391; x_wconf 83' lang='grc' dir='ltr'><strong><em>τὸ</em></strong></span> <span class='ocrx_word' id='word_1_74' title='bbox 1234 1323 1411 1406; x_wconf 73' lang='grc' dir='ltr'><strong><em>ἄρτι</em></strong></span> <span class='ocrx_word' id='word_1_75' title='bbox 1474 1324 1826 1406; x_wconf 81' lang='grc' dir='ltr'><strong><em>χνοάζων</em></strong></span> <span class='ocrx_word' id='word_1_76' title='bbox 1871 1330 2020 1401; x_wconf 71' lang='grc' dir='ltr'>τὰς</span> <span class='ocrx_word' id='word_1_77' title='bbox 2072 1327 2418 1410; x_wconf 88' lang='grc' dir='ltr'><strong><em>παρειάς</em></strong></span> <span class='ocrx_word' id='word_1_78' title='bbox 2469 1329 2573 1392; x_wconf 76' lang='grc' dir='ltr'>καὶ</span> <span class='ocrx_word' id='word_1_79' title='bbox 2627 1328 2698 1392; x_wconf 78' lang='grc' dir='ltr'><strong><em>τὸ</em></strong></span> <span class='ocrx_word' id='word_1_80' title='bbox 2747 1328 2958 1409; x_wconf 74' lang='grc' dir='ltr'><strong><em>ἀρτί-</em></strong></span> 
     </span>
     <span class='ocr_line' id='line_1_11' title="bbox 590 1430 2960 1516; baseline -0.001 -16"><span class='ocrx_word' id='word_1_81' title='bbox 590 1459 824 1516; x_wconf 80' lang='grc' dir='ltr'><strong><em>χνοον</em></strong></span> <span class='ocrx_word' id='word_1_82' title='bbox 872 1433 975 1498; x_wconf 75' lang='grc' dir='ltr'>καὶ</span> <span class='ocrx_word' id='word_1_83' title='bbox 1025 1433 1091 1498; x_wconf 85' lang='grc' dir='ltr'><strong><em>τὸ</em></strong></span> <span class='ocrx_word' id='word_1_84' title='bbox 1140 1430 1448 1506; x_wconf 72' lang='grc' dir='ltr'><strong><em>ἰούλοις</em></strong></span> <span class='ocrx_word' id='word_1_85' title='bbox 1491 1433 2181 1515; x_wconf 76' lang='grc' dir='ltr'><strong><em>ὑποσκιαζόμενος</em></strong></span> <span class='ocrx_word' id='word_1_86' title='bbox 2224 1435 2359 1510; x_wconf 78' lang='grc' dir='ltr'>ἤδη</span> <span class='ocrx_word' id='word_1_87' title='bbox 2400 1435 2504 1499; x_wconf 77' lang='grc' dir='ltr'>καὶ</span> <span class='ocrx_word' id='word_1_88' title='bbox 2548 1434 2617 1499; x_wconf 78' lang='grc' dir='ltr'><strong><em>τὸ</em></strong></span> <span class='ocrx_word' id='word_1_89' title='bbox 2661 1441 2960 1513; x_wconf 83' lang='grc' dir='ltr'><strong><em>πρῶτον</em></strong></span> 
     </span>
     <span class='ocr_line' id='line_1_12' title="bbox 592 1538 2963 1628; baseline 0 -22"><span class='ocrx_word' id='word_1_90' title='bbox 592 1541 766 1628; x_wconf 88' lang='lat' dir='ltr'>(libri</span> <span class='ocrx_word' id='word_1_91' title='bbox 812 1541 1072 1626; x_wconf 83' lang='grc' dir='ltr'><strong><em>πρῶτος)</em></strong></span> <span class='ocrx_word' id='word_1_92' title='bbox 1121 1540 1552 1614; x_wconf 73' lang='grc' dir='ltr'><strong><em>ὑπηνήτης.</em></strong></span> <span class='ocrx_word' id='word_1_93' title='bbox 1640 1538 1981 1626; x_wconf 83' lang='lat' dir='ltr'>Perperam</span> <span class='ocrx_word' id='word_1_94' title='bbox 2026 1541 2176 1606; x_wconf 86' lang='lat' dir='ltr'>huic</span> <span class='ocrx_word' id='word_1_95' title='bbox 2219 1540 2458 1606; x_wconf 90' lang='lat' dir='ltr'>scholio</span> <span class='ocrx_word' id='word_1_96' title='bbox 2504 1540 2742 1607; x_wconf 88' lang='lat' dir='ltr'>lemma</span> <span class='ocrx_word' id='word_1_97' title='bbox 2786 1561 2963 1627; x_wconf 90' lang='lat' dir='ltr'>prae-</span> 
     </span>
     <span class='ocr_line' id='line_1_13' title="bbox 588 1644 2956 1732; baseline 0 -18"><span class='ocrx_word' id='word_1_98' title='bbox 588 1648 789 1714; x_wconf 84' lang='lat' dir='ltr'>fixum</span> <span class='ocrx_word' id='word_1_99' title='bbox 852 1653 947 1712; x_wconf 83' lang='lat' dir='ltr'>est</span> <span class='ocrx_word' id='word_1_100' title='bbox 1008 1646 1290 1724; x_wconf 80' lang='grc' dir='ltr'><strong><em>πώγωνος</em></strong></span> <span class='ocrx_word' id='word_1_101' title='bbox 1340 1644 1445 1720; x_wconf 74' lang='grc' dir='ltr'>ἤδη</span> <span class='ocrx_word' id='word_1_102' title='bbox 1498 1644 2100 1732; x_wconf 70' lang='grc' dir='ltr'><strong><em>ὑποπιμπλάμενος,</em></strong></span> <span class='ocrx_word' id='word_1_103' title='bbox 2145 1668 2422 1732; x_wconf 82' lang='lat' dir='ltr'>namque</span> <span class='ocrx_word' id='word_1_104' title='bbox 2465 1651 2623 1714; x_wconf 80' lang='lat' dir='ltr'>scita</span> <span class='ocrx_word' id='word_1_105' title='bbox 2668 1647 2956 1714; x_wconf 77' lang='lat' dir='ltr'>observa-</span> 
     </span>
     <span class='ocr_line' id='line_1_14' title="bbox 586 1752 2955 1832; baseline -0.001 -12"><span class='ocrx_word' id='word_1_106' title='bbox 586 1755 879 1822; x_wconf 88' lang='lat' dir='ltr'>tiuncula</span> <span class='ocrx_word' id='word_1_107' title='bbox 924 1754 1004 1819; x_wconf 86' lang='lat' dir='ltr'>ad</span> <span class='ocrx_word' id='word_1_108' title='bbox 1049 1753 1241 1820; x_wconf 83' lang='lat' dir='ltr'>verba</span> <span class='ocrx_word' id='word_1_109' title='bbox 1286 1757 1391 1817; x_wconf 82' lang='grc' dir='ltr'><strong><em>τοῦ</em></strong></span> <span class='ocrx_word' id='word_1_110' title='bbox 1439 1759 1591 1832; x_wconf 81' lang='grc' dir='ltr'>πρῶ</span> <span class='ocrx_word' id='word_1_111' title='bbox 1613 1776 1696 1817; x_wconf 87' lang='grc' dir='ltr'><strong><em>το</em></strong></span> <span class='ocrx_word' id='word_1_112' title='bbox 1717 1776 1746 1818; x_wconf 92' lang='grc' dir='ltr'><strong><em>ν</em></strong></span> <span class='ocrx_word' id='word_1_113' title='bbox 1796 1753 2098 1828; x_wconf 73' lang='grc' dir='ltr'><strong><em>ὑπηνήτου</em></strong></span> <span class='ocrx_word' id='word_1_114' title='bbox 2145 1754 2469 1820; x_wconf 86' lang='lat' dir='ltr'>referenda</span> <span class='ocrx_word' id='word_1_115' title='bbox 2513 1758 2626 1819; x_wconf 89' lang='lat' dir='ltr'>est.</span> <span class='ocrx_word' id='word_1_116' title='bbox 2697 1752 2955 1819; x_wconf 85' lang='lat' dir='ltr'>Similia</span> 
     </span>
     <span class='ocr_line' id='line_1_15' title="bbox 585 1858 2949 1949; baseline -0.002 -21"><span class='ocrx_word' id='word_1_117' title='bbox 585 1865 686 1928; x_wconf 89' lang='lat' dir='ltr'>his</span> <span class='ocrx_word' id='word_1_118' title='bbox 746 1861 1049 1949; x_wconf 90' lang='lat' dir='ltr'>leguntur</span> <span class='ocrx_word' id='word_1_119' title='bbox 1104 1860 1377 1945; x_wconf 88' lang='lat' dir='ltr'>passim,</span> <span class='ocrx_word' id='word_1_120' title='bbox 1441 1858 1648 1924; x_wconf 83' lang='lat' dir='ltr'>veluti</span> <span class='ocrx_word' id='word_1_121' title='bbox 1711 1861 1778 1923; x_wconf 89' lang='lat' dir='ltr'>in</span> <span class='ocrx_word' id='word_1_122' title='bbox 1835 1859 2274 1946; x_wconf 86' lang='lat' dir='ltr'>Xenophontis</span> <span class='ocrx_word' id='word_1_123' title='bbox 2335 1861 2626 1946; x_wconf 68' lang='lat' dir='ltr'>Symposio</span> <span class='ocrx_word' id='word_1_124' title='bbox 2673 1859 2778 1926; x_wconf 89' lang='lat' dir='ltr'>IV.</span> <span class='ocrx_word' id='word_1_125' title='bbox 2829 1858 2949 1926; x_wconf 82' lang='lat'>23:</span> 
     </span>
     <span class='ocr_line' id='line_1_16' title="bbox 588 1963 2955 2050; baseline -0.001 -17"><span class='ocrx_word' id='word_1_126' title='bbox 588 1970 783 2050; x_wconf 81' lang='grc' dir='ltr'><strong><em>τούτῳ</em></strong></span> <span class='ocrx_word' id='word_1_127' title='bbox 829 1969 943 2046; x_wconf 77' lang='grc' dir='ltr'><strong><em>μὲν</em></strong></span> <span class='ocrx_word' id='word_1_128' title='bbox 988 1967 1159 2048; x_wconf 73' lang='grc' dir='ltr'><strong><em>παρὰ</em></strong></span> <span class='ocrx_word' id='word_1_129' title='bbox 1207 1965 1291 2030; x_wconf 71' lang='grc' dir='ltr'><strong><em>τοὶ</em></strong></span> <span class='ocrx_word' id='word_1_130' title='bbox 1340 1963 1469 2030; x_wconf 79' lang='grc' dir='ltr'><strong><em>ὦτα</em></strong></span> <span class='ocrx_word' id='word_1_131' title='bbox 1516 1963 1653 2046; x_wconf 75' lang='grc' dir='ltr'><strong><em>ἄρτι</em></strong></span> <span class='ocrx_word' id='word_1_132' title='bbox 1701 1964 1894 2038; x_wconf 80' lang='grc' dir='ltr'><strong><em>ἴουλος</em></strong></span> <span class='ocrx_word' id='word_1_133' title='bbox 1936 1965 2254 2048; x_wconf 79' lang='grc' dir='ltr'><strong><em>καθέρπει,</em></strong></span> <span class='ocrx_word' id='word_1_134' title='bbox 2297 1967 2464 2032; x_wconf 85' lang='lat' dir='ltr'>unde</span> <span class='ocrx_word' id='word_1_135' title='bbox 2504 1966 2736 2033; x_wconf 84' lang='lat' dir='ltr'>Pollux</span> <span class='ocrx_word' id='word_1_136' title='bbox 2760 1965 2842 2032; x_wconf 88' lang='grc' dir='ltr'>Π.</span> <span class='ocrx_word' id='word_1_137' title='bbox 2870 1967 2955 2031; x_wconf 92' lang='grc'>10</span> 
     </span>
     <span class='ocr_line' id='line_1_17' title="bbox 582 2069 2957 2160; baseline -0.002 -19"><span class='ocrx_word' id='word_1_138' title='bbox 582 2077 846 2142; x_wconf 86' lang='lat' dir='ltr'>sumsit:</span> <span class='ocrx_word' id='word_1_139' title='bbox 910 2073 1087 2154; x_wconf 81' lang='grc' dir='ltr'>ἷοὺλῳ</span> <span class='ocrx_word' id='word_1_140' title='bbox 1144 2071 1268 2136; x_wconf 79' lang='grc' dir='ltr'><strong><em>νέον</em></strong></span> <span class='ocrx_word' id='word_1_141' title='bbox 1320 2071 1593 2136; x_wconf 82' lang='grc' dir='ltr'><strong><em>υπανθῶν</em></strong></span> <span class='ocrx_word' id='word_1_142' title='bbox 1640 2073 1812 2152; x_wconf 72' lang='grc' dir='ltr'><strong><em>παρὰ</em></strong></span> <span class='ocrx_word' id='word_1_143' title='bbox 1860 2071 1946 2136; x_wconf 74' lang='grc' dir='ltr'><strong><em>τοὶ</em></strong></span> <span class='ocrx_word' id='word_1_144' title='bbox 1997 2069 2128 2137; x_wconf 82' lang='grc' dir='ltr'><strong><em>ὦτα</em></strong></span> <span class='ocrx_word' id='word_1_145' title='bbox 2175 2073 2550 2153; x_wconf 84' lang='grc' dir='ltr'><strong><em>καθέρποντι.</em></strong></span> <span class='ocrx_word' id='word_1_146' title='bbox 2603 2071 2957 2160; x_wconf 78' lang='lat' dir='ltr'>Aeschylus</span> 
     </span>
     <span class='ocr_line' id='line_1_18' title="bbox 585 2175 1364 2266; baseline -0.008 -19"><span class='ocrx_word' id='word_1_147' title='bbox 585 2187 742 2266; x_wconf 73' lang='lat' dir='ltr'>Sept.</span> <span class='ocrx_word' id='word_1_148' title='bbox 793 2205 841 2244; x_wconf 84' lang='lat' dir='ltr'>c.</span> <span class='ocrx_word' id='word_1_149' title='bbox 900 2181 1011 2246; x_wconf 74' lang='lat' dir='ltr'>Th.</span> <span class='ocrx_word' id='word_1_150' title='bbox 1060 2197 1154 2244; x_wconf 74' lang='lat' dir='ltr'>ve.</span> <span class='ocrx_word' id='word_1_151' title='bbox 1204 2175 1364 2242; x_wconf 82' lang='lat'>534:</span> 
     </span>
    </p>

    <p class='ocr_par' dir='ltr' id='par_1_4' title="bbox 672 2281 2380 2479">
     <span class='ocr_line' id='line_1_19' title="bbox 1135 2281 2380 2366; baseline -0.002 -16"><span class='ocrx_word' id='word_1_152' title='bbox 1135 2283 1337 2366; x_wconf 65' lang='grc' dir='ltr'><strong><em>τείχει</em></strong></span> <span class='ocrx_word' id='word_1_153' title='bbox 1382 2285 1435 2349; x_wconf 77' lang='grc' dir='ltr'>δ’</span> <span class='ocrx_word' id='word_1_154' title='bbox 1484 2282 1675 2356; x_wconf 80' lang='grc' dir='ltr'><strong><em>ἴουλος</em></strong></span> <span class='ocrx_word' id='word_1_155' title='bbox 1724 2281 1863 2365; x_wconf 80' lang='grc' dir='ltr'><strong><em>ἄρτι</em></strong></span> <span class='ocrx_word' id='word_1_156' title='bbox 1909 2283 2013 2347; x_wconf 72' lang='grc' dir='ltr'>διὰ</span> <span class='ocrx_word' id='word_1_157' title='bbox 2061 2283 2380 2366; x_wconf 72' lang='grc' dir='ltr'><strong><em>παρηίδων.</em></strong></span> 
     </span>
     <span class='ocr_line' id='line_1_20' title="bbox 672 2387 1623 2479; baseline -0.006 -18"><span class='ocrx_word' id='word_1_158' title='bbox 672 2396 996 2462; x_wconf 87' lang='lat' dir='ltr'>Homerus</span> <span class='ocrx_word' id='word_1_159' title='bbox 1042 2390 1272 2479; x_wconf 78' lang='lat' dir='ltr'>Odyss.</span> <span class='ocrx_word' id='word_1_160' title='bbox 1324 2401 1404 2456; x_wconf 86' lang='lat' dir='ltr'>A.</span> <span class='ocrx_word' id='word_1_161' title='bbox 1456 2387 1623 2456; x_wconf 86' lang='lat'>318:</span> 
     </span>
    </p>

    <p class='ocr_par' dir='ltr' id='par_1_5' title="bbox 945 2495 1717 2570">
     <span class='ocr_line' id='line_1_21' title="bbox 945 2495 1717 2570; baseline -0.001 -6"><span class='ocrx_word' id='word_1_162' title='bbox 945 2499 1097 2564; x_wconf 83' lang='grc' dir='ltr'><strong><em>άλλ’</em></strong></span> <span class='ocrx_word' id='word_1_163' title='bbox 1144 2495 1354 2562; x_wconf 77' lang='grc' dir='ltr'><strong><em>ὄλεσεν</em></strong></span> <span class='ocrx_word' id='word_1_164' title='bbox 1404 2497 1549 2570; x_wconf 78' lang='grc' dir='ltr'><strong><em>Διὸς</em></strong></span> <span class='ocrx_word' id='word_1_165' title='bbox 1596 2495 1717 2569; x_wconf 78' lang='grc' dir='ltr'><strong><em>υἱὸς</em></strong></span> 
     </span>
    </p>

    <p class='ocr_par' dir='ltr' id='par_1_6' title="bbox 945 2603 2624 2689">
     <span class='ocr_line' id='line_1_22' title="bbox 945 2603 2624 2689; baseline 0.001 -18"><span class='ocrx_word' id='word_1_166' title='bbox 945 2604 1275 2689; x_wconf 80' lang='grc' dir='ltr'><strong><em>άμφοτέρω</em></strong></span> <span class='ocrx_word' id='word_1_167' title='bbox 1296 2653 1312 2685; x_wconf 91' lang='grc'><em>,</em></span> <span class='ocrx_word' id='word_1_168' title='bbox 1360 2604 1499 2688; x_wconf 78' lang='grc' dir='ltr'><strong><em>πρίν</em></strong></span> <span class='ocrx_word' id='word_1_169' title='bbox 1545 2607 1746 2689; x_wconf 78' lang='grc' dir='ltr'><strong><em>σφωϊν</em></strong></span> <span class='ocrx_word' id='word_1_170' title='bbox 1795 2604 1908 2669; x_wconf 85' lang='grc' dir='ltr'>ὑπὸ</span> <span class='ocrx_word' id='word_1_171' title='bbox 1955 2603 2346 2688; x_wconf 71' lang='grc' dir='ltr'><strong><em>κροτάφοισιν</em></strong></span> <span class='ocrx_word' id='word_1_172' title='bbox 2393 2603 2624 2679; x_wconf 76' lang='grc' dir='ltr'><strong><em>ἰούλους</em></strong></span> 
     </span>
    </p>

    <p class='ocr_par' dir='ltr' id='par_1_7' title="bbox 586 2710 3040 3117">
     <span class='ocr_line' id='line_1_23' title="bbox 952 2710 2444 2794; baseline -0.002 -13"><span class='ocrx_word' id='word_1_173' title='bbox 952 2716 1208 2790; x_wconf 72' lang='grc' dir='ltr'><strong><em>ἀνθῆσαι</em></strong></span> <span class='ocrx_word' id='word_1_174' title='bbox 1256 2712 1536 2779; x_wconf 85' lang='grc' dir='ltr'><strong><em>πυκάσαι</em></strong></span> <span class='ocrx_word' id='word_1_175' title='bbox 1584 2736 1652 2776; x_wconf 87' lang='grc' dir='ltr'><strong><em>τε</em></strong></span> <span class='ocrx_word' id='word_1_176' title='bbox 1703 2710 1882 2790; x_wconf 81' lang='grc' dir='ltr'><strong><em>γένυς</em></strong></span> <span class='ocrx_word' id='word_1_177' title='bbox 1931 2711 2167 2777; x_wconf 81' lang='grc' dir='ltr'><strong><em>εὑανθέῖ</em></strong></span> <span class='ocrx_word' id='word_1_178' title='bbox 2211 2712 2444 2794; x_wconf 64' lang='grc' dir='ltr'><strong><em>λάχνῃ.</em></strong></span> 
     </span>
     <span class='ocr_line' id='line_1_24' title="bbox 588 2818 2958 2912; baseline -0.002 -20"><span class='ocrx_word' id='word_1_179' title='bbox 588 2834 654 2894; x_wconf 86' lang='lat' dir='ltr'>et</span> <span class='ocrx_word' id='word_1_180' title='bbox 720 2824 956 2912; x_wconf 85' lang='lat' dir='ltr'>passim</span> <span class='ocrx_word' id='word_1_181' title='bbox 1026 2821 1173 2887; x_wconf 87' lang='lat' dir='ltr'>inde</span> <span class='ocrx_word' id='word_1_182' title='bbox 1236 2820 1315 2885; x_wconf 86' lang='lat' dir='ltr'>ab</span> <span class='ocrx_word' id='word_1_183' title='bbox 1376 2820 1658 2885; x_wconf 90' lang='lat' dir='ltr'>Homero</span> <span class='ocrx_word' id='word_1_184' title='bbox 1721 2818 1889 2904; x_wconf 88' lang='lat' dir='ltr'>apud</span> <span class='ocrx_word' id='word_1_185' title='bbox 1950 2818 2108 2884; x_wconf 89' lang='lat' dir='ltr'>alios</span> <span class='ocrx_word' id='word_1_186' title='bbox 2167 2823 2401 2905; x_wconf 65' lang='lat' dir='ltr'>poetas.</span> <span class='ocrx_word' id='word_1_187' title='bbox 2467 2818 2816 2898; x_wconf 65' lang='grc' dir='ltr'><strong><em>*Τπηνήτης</em></strong></span> <span class='ocrx_word' id='word_1_188' title='bbox 2880 2821 2958 2887; x_wconf 88' lang='lat' dir='ltr'>de</span> 
     </span>
     <span class='ocr_line' id='line_1_25' title="bbox 590 2924 2959 3009; baseline -0.009 -9"><span class='ocrx_word' id='word_1_189' title='bbox 590 2934 766 3001; x_wconf 91' lang='lat' dir='ltr'>omni</span> <span class='ocrx_word' id='word_1_190' title='bbox 824 2933 1029 2996; x_wconf 81' lang='lat' dir='ltr'>aetate</span> <span class='ocrx_word' id='word_1_191' title='bbox 1090 2927 1325 2992; x_wconf 88' lang='lat' dir='ltr'>dicitur</span> <span class='ocrx_word' id='word_1_192' title='bbox 1342 2974 1360 3004; x_wconf 87' lang='lat'><em>,</em></span> <span class='ocrx_word' id='word_1_193' title='bbox 1420 2926 1495 2991; x_wconf 87' lang='lat' dir='ltr'>de</span> <span class='ocrx_word' id='word_1_194' title='bbox 1526 2928 1688 3009; x_wconf 82' lang='lat' dir='ltr'>flore</span> <span class='ocrx_word' id='word_1_195' title='bbox 1732 2930 1951 2989; x_wconf 67' lang='lat' dir='ltr'>aetatis</span> <span class='ocrx_word' id='word_1_196' title='bbox 1997 2924 2224 3005; x_wconf 81' lang='grc' dir='ltr'><strong><em>πρῶτον</em></strong></span> <span class='ocrx_word' id='word_1_197' title='bbox 2269 2925 2597 3002; x_wconf 72' lang='grc' dir='ltr'><strong><em>ὑπηνήτης.</em></strong></span> <span class='ocrx_word' id='word_1_198' title='bbox 2689 2927 2836 2993; x_wconf 73' lang='lat' dir='ltr'>Una</span> <span class='ocrx_word' id='word_1_199' title='bbox 2881 2928 2959 2992; x_wconf 75' lang='lat' dir='ltr'>li..</span> 
     </span>
     <span class='ocr_line' id='line_1_26' title="bbox 586 3032 3040 3117; baseline -0.003 -11"><span class='ocrx_word' id='word_1_200' title='bbox 586 3039 793 3108; x_wconf 75' lang='lat' dir='ltr'>tei-ula</span> <span class='ocrx_word' id='word_1_201' title='bbox 839 3036 993 3102; x_wconf 88' lang='lat' dir='ltr'>olim</span> <span class='ocrx_word' id='word_1_202' title='bbox 1044 3036 1379 3100; x_wconf 85' lang='lat' dir='ltr'>oscitanter</span> <span class='ocrx_word' id='word_1_203' title='bbox 1422 3035 1656 3098; x_wconf 89' lang='lat' dir='ltr'>omissa</span> <span class='ocrx_word' id='word_1_204' title='bbox 1702 3036 1796 3097; x_wconf 87' lang='lat' dir='ltr'>est</span> <span class='ocrx_word' id='word_1_205' title='bbox 1843 3036 1949 3097; x_wconf 82' lang='grc' dir='ltr'><strong><em>τοῦ</em></strong></span> <span class='ocrx_word' id='word_1_206' title='bbox 2000 3032 2053 3097; x_wconf 68' lang='grc' dir='ltr'>Κ</span> <span class='ocrx_word' id='word_1_207' title='bbox 2104 3032 2406 3109; x_wconf 73' lang='grc' dir='ltr'><strong><em>ὑπηνήτου</em></strong></span> <span class='ocrx_word' id='word_1_208' title='bbox 2451 3034 2520 3099; x_wconf 87' lang='lat' dir='ltr'>id</span> <span class='ocrx_word' id='word_1_209' title='bbox 2569 3042 2666 3100; x_wconf 89' lang='lat' dir='ltr'>est</span> <span class='ocrx_word' id='word_1_210' title='bbox 2707 3041 2955 3117; x_wconf 83' lang='grc' dir='ltr'><strong><em>πρῶτον.</em></strong></span> <span class='ocrx_word' id='word_1_211' title='bbox 3033 3052 3040 3057; x_wconf 94' lang='grc'>·</span> 
     </span>
    </p>
   </div>
   <div class='ocr_carea' id='block_1_3' title="bbox 586 3240 2958 3971">
    <p class='ocr_par' dir='ltr' id='par_1_8' title="bbox 586 3240 2958 3971">
     <span class='ocr_line' id='line_1_27' title="bbox 674 3240 2952 3339; baseline -0.001 -24"><span class='ocrx_word' id='word_1_212' title='bbox 674 3254 833 3339; x_wconf 87' lang='lat' dir='ltr'>Pag.</span> <span class='ocrx_word' id='word_1_213' title='bbox 902 3246 1048 3314; x_wconf 86' lang='lat'>310.</span> <span class='ocrx_word' id='word_1_214' title='bbox 1104 3252 1169 3310; x_wconf 78' lang='lat' dir='ltr'>b:</span> <span class='ocrx_word' id='word_1_215' title='bbox 1235 3242 1689 3325; x_wconf 79' lang='grc' dir='ltr'><strong><em>Ἱπποκράτης,</em></strong></span> <span class='ocrx_word' id='word_1_216' title='bbox 1754 3243 1944 3329; x_wconf 77' lang='grc' dir='ltr'><strong><em>ἔφην,</em></strong></span> <span class='ocrx_word' id='word_1_217' title='bbox 1993 3240 2202 3315; x_wconf 81' lang='grc' dir='ltr'><strong><em>οὗτος·</em></strong></span> <span class='ocrx_word' id='word_1_218' title='bbox 2257 3244 2346 3321; x_wconf 76' lang='grc' dir='ltr'>μή</span> <span class='ocrx_word' id='word_1_219' title='bbox 2393 3269 2452 3311; x_wconf 87' lang='grc' dir='ltr'><strong><em>τι</em></strong></span> <span class='ocrx_word' id='word_1_220' title='bbox 2503 3244 2778 3327; x_wconf 81' lang='grc' dir='ltr'><strong><em>νεώτερον</em></strong></span> <span class='ocrx_word' id='word_1_221' title='bbox 2826 3250 2952 3326; x_wconf 85' lang='grc' dir='ltr'><strong><em>α’γ-</em></strong></span> 
     </span>
     <span class='ocr_line' id='line_1_28' title="bbox 587 3351 2954 3440; baseline -0.002 -16"><span class='ocrx_word' id='word_1_222' title='bbox 587 3358 871 3440; x_wconf 75' lang='grc' dir='ltr'><strong><em>γέλλειςς</em></strong></span> <span class='ocrx_word' id='word_1_223' title='bbox 923 3355 1169 3422; x_wconf 73' lang='lat' dir='ltr'>Vitiosa</span> <span class='ocrx_word' id='word_1_224' title='bbox 1212 3352 1369 3417; x_wconf 89' lang='lat' dir='ltr'>haec</span> <span class='ocrx_word' id='word_1_225' title='bbox 1414 3353 1840 3437; x_wconf 84' lang='lat' dir='ltr'>interpunctio</span> <span class='ocrx_word' id='word_1_226' title='bbox 1886 3356 1980 3416; x_wconf 89' lang='lat' dir='ltr'>est</span> <span class='ocrx_word' id='word_1_227' title='bbox 2025 3356 2090 3416; x_wconf 90' lang='lat' dir='ltr'>et</span> <span class='ocrx_word' id='word_1_228' title='bbox 2135 3351 2572 3417; x_wconf 83' lang='lat' dir='ltr'>scribendum:</span> <span class='ocrx_word' id='word_1_229' title='bbox 2617 3354 2954 3433; x_wconf 81' lang='grc' dir='ltr'><strong><em>Ἱπποκρά-</em></strong></span> 
     </span>
     <span class='ocr_line' id='line_1_29' title="bbox 588 3456 2953 3545; baseline -0.001 -21"><span class='ocrx_word' id='word_1_230' title='bbox 588 3492 697 3539; x_wconf 67' lang='grc' dir='ltr'><strong><em>της</em></strong></span> <span class='ocrx_word' id='word_1_231' title='bbox 746 3460 917 3535; x_wconf 78' lang='grc' dir='ltr'><strong><em>οὗτος</em></strong></span> <span class='ocrx_word' id='word_1_232' title='bbox 962 3463 1051 3539; x_wconf 76' lang='grc' dir='ltr'>μή</span> <span class='ocrx_word' id='word_1_233' title='bbox 1100 3483 1159 3525; x_wconf 90' lang='grc' dir='ltr'><strong><em>τι</em></strong></span> <span class='ocrx_word' id='word_1_234' title='bbox 1211 3461 1483 3538; x_wconf 82' lang='grc' dir='ltr'><strong><em>νεώτερον</em></strong></span> <span class='ocrx_word' id='word_1_235' title='bbox 1528 3456 1914 3535; x_wconf 57' lang='lat' dir='ltr'>amimam</span> <span class='ocrx_word' id='word_1_236' title='bbox 1965 3457 2041 3521; x_wconf 86' lang='lat' dir='ltr'>of.</span> <span class='ocrx_word' id='word_1_237' title='bbox 2095 3458 2345 3543; x_wconf 71' lang='lat' dir='ltr'>Sympos.</span> <span class='ocrx_word' id='word_1_238' title='bbox 2393 3470 2550 3545; x_wconf 64' lang='lat' dir='ltr'>pag.</span> <span class='ocrx_word' id='word_1_239' title='bbox 2597 3457 2746 3527; x_wconf 83' lang='lat'>172.</span> <span class='ocrx_word' id='word_1_240' title='bbox 2795 3483 2866 3525; x_wconf 81' lang='lat' dir='ltr'>a:</span> <span class='ocrx_word' id='word_1_241' title='bbox 2926 3463 2953 3526; x_wconf 81' lang='grc' dir='ltr'><strong><em>ὅ</em></strong></span> 
     </span>
     <span class='ocr_line' id='line_1_30' title="bbox 586 3562 2948 3654; baseline -0.003 -17"><span class='ocrx_word' id='word_1_242' title='bbox 586 3572 903 3651; x_wconf 76' lang='grc' dir='ltr'><strong><em>Φαληρεὺς</em></strong></span> <span class='ocrx_word' id='word_1_243' title='bbox 974 3564 1141 3639; x_wconf 83' lang='grc' dir='ltr'><strong><em>οὗτος</em></strong></span> <span class='ocrx_word' id='word_1_244' title='bbox 1218 3562 1667 3644; x_wconf 76' lang='grc' dir='ltr'><strong><em>’Λπολλόδωρος</em></strong></span> <span class='ocrx_word' id='word_1_245' title='bbox 1741 3566 1807 3628; x_wconf 82' lang='grc' dir='ltr'>οὐ</span> <span class='ocrx_word' id='word_1_246' title='bbox 1876 3568 2254 3642; x_wconf 83' lang='grc' dir='ltr'><strong><em>περιμενεῒς;</em></strong></span> <span class='ocrx_word' id='word_1_247' title='bbox 2327 3568 2392 3629; x_wconf 89' lang='lat' dir='ltr'>et</span> <span class='ocrx_word' id='word_1_248' title='bbox 2460 3586 2609 3654; x_wconf 83' lang='lat' dir='ltr'>pag.</span> <span class='ocrx_word' id='word_1_249' title='bbox 2668 3565 2823 3631; x_wconf 85' lang='lat'>213.</span> <span class='ocrx_word' id='word_1_250' title='bbox 2887 3570 2948 3632; x_wconf 87' lang='lat' dir='ltr'>b:</span> 
     </span>
     <span class='ocr_line' id='line_1_31' title="bbox 588 3668 2958 3758; baseline -0.003 -14"><span class='ocrx_word' id='word_1_251' title='bbox 588 3676 918 3758; x_wconf 84' lang='grc' dir='ltr'><strong><em>Σωκράτης</em></strong></span> <span class='ocrx_word' id='word_1_252' title='bbox 966 3670 1135 3745; x_wconf 79' lang='grc' dir='ltr'><strong><em>οὗτος</em></strong></span> <span class='ocrx_word' id='word_1_253' title='bbox 1184 3708 1269 3720; x_wconf 89' lang='grc'>-</span> <span class='ocrx_word' id='word_1_254' title='bbox 1318 3672 1595 3752; x_wconf 80' lang='grc' dir='ltr'><strong><em>ε’λλοχῶν</em></strong></span> <span class='ocrx_word' id='word_1_255' title='bbox 1646 3708 1726 3718; x_wconf 94' lang='grc'>--</span> <span class='ocrx_word' id='word_1_256' title='bbox 1777 3670 2044 3735; x_wconf 72' lang='grc' dir='ltr'><strong><em>ἐνταῦθα</em></strong></span> <span class='ocrx_word' id='word_1_257' title='bbox 2091 3668 2445 3749; x_wconf 81' lang='grc' dir='ltr'><strong><em>κατέκεισο;</em></strong></span> <span class='ocrx_word' id='word_1_258' title='bbox 2495 3678 2560 3737; x_wconf 82' lang='lat' dir='ltr'>et</span> <span class='ocrx_word' id='word_1_259' title='bbox 2605 3674 2672 3737; x_wconf 90' lang='lat' dir='ltr'>in</span> <span class='ocrx_word' id='word_1_260' title='bbox 2727 3674 2958 3758; x_wconf 79' lang='lat' dir='ltr'>Hippia</span> 
     </span>
     <span class='ocr_line' id='line_1_32' title="bbox 588 3774 2956 3868; baseline -0.004 -17"><span class='ocrx_word' id='word_1_261' title='bbox 588 3786 808 3852; x_wconf 81' lang='lat' dir='ltr'>maiore</span> <span class='ocrx_word' id='word_1_262' title='bbox 851 3801 1001 3868; x_wconf 87' lang='lat' dir='ltr'>pag.</span> <span class='ocrx_word' id='word_1_263' title='bbox 1056 3776 1208 3843; x_wconf 88' lang='grc'><strong>281.</strong></span> <span class='ocrx_word' id='word_1_264' title='bbox 1238 3795 1308 3841; x_wconf 84' lang='lat' dir='ltr'>a:</span> <span class='ocrx_word' id='word_1_265' title='bbox 1358 3777 1609 3849; x_wconf 74' lang='grc' dir='ltr'><strong><em>Ἱππίας</em></strong></span> <span class='ocrx_word' id='word_1_266' title='bbox 1660 3776 1688 3839; x_wconf 81' lang='grc' dir='ltr'><strong><em>ὅ</em></strong></span> <span class='ocrx_word' id='word_1_267' title='bbox 1736 3775 1928 3848; x_wconf 82' lang='grc' dir='ltr'><strong><em>καλός</em></strong></span> <span class='ocrx_word' id='word_1_268' title='bbox 1977 3799 2049 3840; x_wconf 90' lang='grc' dir='ltr'><strong><em>τε</em></strong></span> <span class='ocrx_word' id='word_1_269' title='bbox 2095 3774 2198 3840; x_wconf 84' lang='grc' dir='ltr'>κα)</span> <span class='ocrx_word' id='word_1_270' title='bbox 2248 3776 2438 3855; x_wconf 84' lang='grc' dir='ltr'><strong><em>σοφὸς</em></strong></span> <span class='ocrx_word' id='word_1_271' title='bbox 2487 3779 2562 3850; x_wconf 78' lang='grc' dir='ltr'>ὥς</span> <span class='ocrx_word' id='word_1_272' title='bbox 2605 3779 2705 3844; x_wconf 72' lang='grc' dir='ltr'>διὰ</span> <span class='ocrx_word' id='word_1_273' title='bbox 2741 3778 2956 3861; x_wconf 80' lang='grc' dir='ltr'><strong><em>χρόνον</em></strong></span> 
     </span>
     <span class='ocr_line' id='line_1_33' title="bbox 593 3882 1684 3971; baseline -0.01 -14"><span class='ocrx_word' id='word_1_274' title='bbox 593 3897 735 3971; x_wconf 77' lang='grc' dir='ltr'><strong><em>ἡμῖν</em></strong></span> <span class='ocrx_word' id='word_1_275' title='bbox 783 3894 1055 3967; x_wconf 78' lang='grc' dir='ltr'><strong><em>κατῆρας</em></strong></span> <span class='ocrx_word' id='word_1_276' title='bbox 1107 3886 1189 3955; x_wconf 84' lang='grc' dir='ltr'>εἶς</span> <span class='ocrx_word' id='word_1_277' title='bbox 1238 3884 1357 3956; x_wconf 72' lang='grc' dir='ltr'>τὰς</span> <span class='ocrx_word' id='word_1_278' title='bbox 1408 3882 1684 3957; x_wconf 72' lang='grc' dir='ltr'><strong><em>Ἀθήνας.</em></strong></span> 
     </span>
    </p>
   </div>
   <div class='ocr_carea' id='block_1_4' title="bbox 592 4092 2958 4495">
    <p class='ocr_par' dir='ltr' id='par_1_9' title="bbox 592 4092 2958 4495">
     <span class='ocr_line' id='line_1_34' title="bbox 680 4092 2954 4191; baseline -0.002 -26"><span class='ocrx_word' id='word_1_279' title='bbox 680 4104 839 4191; x_wconf 88' lang='lat' dir='ltr'>Pag.</span> <span class='ocrx_word' id='word_1_280' title='bbox 906 4096 1037 4163; x_wconf 85' lang='lat'>310</span> <span class='ocrx_word' id='word_1_281' title='bbox 1099 4096 1176 4159; x_wconf 82' lang='lat' dir='ltr'>d:</span> <span class='ocrx_word' id='word_1_282' title='bbox 1248 4092 1344 4159; x_wconf 72' lang='grc' dir='ltr'><strong><em>ναὶ</em></strong></span> <span class='ocrx_word' id='word_1_283' title='bbox 1410 4094 1507 4170; x_wconf 81' lang='grc' dir='ltr'>μοὶ</span> <span class='ocrx_word' id='word_1_284' title='bbox 1572 4092 1701 4158; x_wconf 83' lang='grc' dir='ltr'>Δία</span> <span class='ocrx_word' id='word_1_285' title='bbox 1751 4130 1832 4141; x_wconf 93' lang='grc'>--</span> <span class='ocrx_word' id='word_1_286' title='bbox 1883 4092 1960 4158; x_wconf 75' lang='grc' dir='ltr'><strong><em>ἂν</em></strong></span> <span class='ocrx_word' id='word_1_287' title='bbox 2025 4094 2192 4175; x_wconf 78' lang='grc' dir='ltr'><strong><em>αὐτῷ</em></strong></span> <span class='ocrx_word' id='word_1_288' title='bbox 2256 4093 2422 4176; x_wconf 70' lang='grc' dir='ltr'><strong><em>διδῷς</em></strong></span> <span class='ocrx_word' id='word_1_289' title='bbox 2481 4094 2759 4176; x_wconf 70' lang='grc' dir='ltr'><strong><em>ἀργύριον</em></strong></span> <span class='ocrx_word' id='word_1_290' title='bbox 2825 4096 2954 4182; x_wconf 73' lang='grc' dir='ltr'><strong><em>[καὶ</em></strong></span> 
     </span>
     <span class='ocr_line' id='line_1_35' title="bbox 594 4198 2958 4291; baseline -0.004 -14"><span class='ocrx_word' id='word_1_291' title='bbox 594 4210 801 4291; x_wconf 66' lang='grc' dir='ltr'><strong><em>πείθῃς</em></strong></span> <span class='ocrx_word' id='word_1_292' title='bbox 867 4205 1113 4285; x_wconf 79' lang='grc' dir='ltr'><strong><em>ἐκεῖνον]</em></strong></span> <span class='ocrx_word' id='word_1_293' title='bbox 1177 4200 1411 4275; x_wconf 79' lang='grc' dir='ltr'><strong><em>ποιήσει</em></strong></span> <span class='ocrx_word' id='word_1_294' title='bbox 1478 4199 1580 4263; x_wconf 72' lang='grc' dir='ltr'>καὶ</span> <span class='ocrx_word' id='word_1_295' title='bbox 1643 4200 1713 4263; x_wconf 81' lang='grc' dir='ltr'>σὲ</span> <span class='ocrx_word' id='word_1_296' title='bbox 1760 4198 1970 4277; x_wconf 84' lang='grc' dir='ltr'><strong><em>σοφόν.</em></strong></span> <span class='ocrx_word' id='word_1_297' title='bbox 2017 4198 2232 4266; x_wconf 82' lang='lat' dir='ltr'>Multo</span> <span class='ocrx_word' id='word_1_298' title='bbox 2275 4200 2632 4266; x_wconf 80' lang='lat' dir='ltr'>mordacius</span> <span class='ocrx_word' id='word_1_299' title='bbox 2681 4207 2746 4268; x_wconf 87' lang='lat' dir='ltr'>et</span> <span class='ocrx_word' id='word_1_300' title='bbox 2790 4223 2958 4269; x_wconf 78' lang='lat' dir='ltr'>acer-</span> 
     </span>
     <span class='ocr_line' id='line_1_36' title="bbox 592 4304 2956 4395; baseline -0.003 -13"><span class='ocrx_word' id='word_1_301' title='bbox 592 4320 738 4386; x_wconf 86' lang='lat' dir='ltr'>hius</span> <span class='ocrx_word' id='word_1_302' title='bbox 782 4312 998 4395; x_wconf 80' lang='lat' dir='ltr'>Plato,</span> <span class='ocrx_word' id='word_1_303' title='bbox 1046 4309 1155 4393; x_wconf 89' lang='lat' dir='ltr'>qui</span> <span class='ocrx_word' id='word_1_304' title='bbox 1203 4304 1531 4389; x_wconf 82' lang='lat' dir='ltr'>Sophistus</span> <span class='ocrx_word' id='word_1_305' title='bbox 1570 4308 1840 4391; x_wconf 89' lang='lat' dir='ltr'>turpiter</span> <span class='ocrx_word' id='word_1_306' title='bbox 1881 4306 2054 4371; x_wconf 89' lang='lat' dir='ltr'>lucro</span> <span class='ocrx_word' id='word_1_307' title='bbox 2092 4307 2408 4371; x_wconf 87' lang='lat' dir='ltr'>inhiant-es</span> <span class='ocrx_word' id='word_1_308' title='bbox 2445 4309 2740 4372; x_wconf 85' lang='lat' dir='ltr'>insectari</span> <span class='ocrx_word' id='word_1_309' title='bbox 2778 4308 2956 4385; x_wconf 87' lang='lat' dir='ltr'>solet,</span> 
     </span>
     <span class='ocr_line' id='line_1_37' title="bbox 594 4412 2958 4495; baseline -0.004 -7"><span class='ocrx_word' id='word_1_310' title='bbox 594 4430 841 4490; x_wconf 84' lang='lat' dir='ltr'>tantum</span> <span class='ocrx_word' id='word_1_311' title='bbox 905 4417 1147 4482; x_wconf 81' lang='lat' dir='ltr'>dixerat</span> <span class='ocrx_word' id='word_1_312' title='bbox 1204 4412 1278 4477; x_wconf 74' lang='grc' dir='ltr'><strong><em>ἂν</em></strong></span> <span class='ocrx_word' id='word_1_313' title='bbox 1327 4413 1495 4493; x_wconf 74' lang='grc' dir='ltr'><strong><em>αὐτῷ</em></strong></span> <span class='ocrx_word' id='word_1_314' title='bbox 1540 4413 1708 4491; x_wconf 79' lang='grc' dir='ltr'><strong><em>διδῷς</em></strong></span> <span class='ocrx_word' id='word_1_315' title='bbox 1757 4412 2034 4493; x_wconf 69' lang='grc' dir='ltr'><strong><em>ἀργύριον</em></strong></span> <span class='ocrx_word' id='word_1_316' title='bbox 2081 4419 2146 4477; x_wconf 84' lang='lat' dir='ltr'>et</span> <span class='ocrx_word' id='word_1_317' title='bbox 2193 4412 2296 4477; x_wconf 75' lang='grc' dir='ltr'>καὶ</span> <span class='ocrx_word' id='word_1_318' title='bbox 2349 4414 2550 4495; x_wconf 67' lang='grc' dir='ltr'><strong><em>πείθῃς</em></strong></span> <span class='ocrx_word' id='word_1_319' title='bbox 2599 4414 2815 4479; x_wconf 80' lang='grc' dir='ltr'><strong><em>ἐκεῖνον</em></strong></span> <span class='ocrx_word' id='word_1_320' title='bbox 2864 4415 2958 4478; x_wconf 88' lang='lat' dir='ltr'>in·</span> 
     </span>
    </p>
   </div>
   <div class='ocr_carea' id='block_1_5' title="bbox 3324 402 3342 1599">
    <p class='ocr_par' dir='ltr' id='par_1_10' title="bbox 3324 402 3342 1599">
     <span class='ocr_line' id='line_1_38' title="bbox 3324 402 3342 1599; baseline 0 0"><span class='ocrx_word' id='word_1_321' title='bbox 3324 402 3342 1599; x_wconf 95' lang='lat' dir='ltr'> </span> 
     </span>
    </p>
   </div>
  </div>
 </body>
</html>
