3369 5142
588 332 718 401 400
1666 351 1889 405 ruvo.

674 524 851 589 Haec
920 528 1091 590 enim
1165 528 1377 595 omnia
1446 534 1509 593 et
1577 528 1678 592 his
1741 529 1982 594 similia
2038 527 2318 613 plurima
2360 524 2796 610 unusquisque
2843 520 2954 609 qui

585 631 702 695 hoc
748 638 899 718 agat
946 640 1011 697 et
1057 635 1159 700 vel
1206 635 1609 721 mediocriter
1662 639 1893 702 Graece
1939 638 2100 702 sciat
2141 634 2318 699 nullo
2360 636 2618 721 negotio
2659 633 2954 697 restituet

586 740 655 801 in
700 740 1045 825 integ-rum.

674 843 896 928 Itaque
940 847 1007 909 in
1054 845 1451 931 ponderanda
1495 846 1617 911 fide
1666 847 1974 912 librorum
2019 847 2370 913 cavendum
2417 848 2700 911 maxime
2741 848 2836 909 est
2874 864 2953 908 ne

586 970 775 1035 quem
833 950 1073 1015 librum
1136 952 1375 1017 bonum
1435 958 1499 1017 et
1561 952 1790 1017 utilem
1851 974 1983 1019 esse
2031 954 2362 1019 credamus
2406 958 2737 1037 propterea
2786 948 2952 1035 quod

585 1058 779 1123 bonas
840 1063 905 1122 et
967 1078 1147 1124 veras
1208 1059 1508 1124 lectiones
1570 1060 2037 1146 complusculas
2099 1061 2270 1125 solus
2335 1061 2612 1125 servavit
2627 1079 2645 1136 ;
2698 1077 2848 1121 nam
2897 1058 2952 1119 si

588 1164 900 1229 constabit
970 1186 1074 1229 eas
1122 1186 1253 1230 esse
1300 1166 1378 1230 ab
1426 1170 1611 1231 acuto
1654 1165 1888 1232 lectore
1933 1170 2320 1254 excogitatas
2338 1213 2355 1244 ,
2400 1168 2573 1250 ipsae
2617 1168 2683 1229 in
2733 1162 2951 1229 eodem

586 1270 817 1335 honore
901 1270 1225 1336 habendae
1309 1277 1458 1336 sunt
1540 1292 1665 1356 quo
1737 1271 2120 1338 Oriticorum
2189 1279 2334 1357 post
2398 1276 2645 1337 renatas
2704 1269 2953 1335 litteras

588 1374 1057 1441 emendationes
1075 1426 1093 1458 ‚
1143 1377 1248 1442 sed
1296 1376 1461 1441 liber
1505 1380 1639 1461 ipse
1684 1398 1797 1463 pro
1843 1377 2062 1443 inutili
2109 1378 2500 1443 abiiciendus
2545 1380 2685 1443 erit.

679 1480 748 1545 Si
811 1483 939 1545 mei
1001 1502 1098 1547 res
1158 1488 1320 1547 esset
1378 1483 1625 1548 arbitrii
1678 1490 1742 1548 et
1786 1483 2073 1549 Platonis
2118 1484 2512 1565 Protaqoram
2558 1484 2725 1548 mihi
2771 1482 2950 1548 edere

586 1586 806 1652 liceret
823 1637 840 1671 ,
903 1589 1181 1671 primum
1245 1592 1531 1654 omnium
1580 1607 1923 1655 Romanum
1968 1593 2310 1675 scripturas
2356 1611 2572 1655 omnes
2617 1610 2766 1655 cum
2811 1589 2952 1674 pul-

585 1692 831 1757 visculo
895 1693 1261 1781 colligerem
1282 1742 1297 1771 ‚
1360 1695 1551 1779 idque
1612 1696 1690 1760 ab
1753 1696 2010 1761 Editore
2071 1703 2250 1761 tanta
2295 1717 2446 1761 cura
2505 1702 2570 1761 et
2617 1696 2951 1783 diligentia

586 1799 929 1883 perfectum
1002 1810 1096 1865 est
1157 1807 1231 1865 ut
1293 1801 1456 1866 nihil
1502 1802 1649 1867 addi
1697 1807 1808 1867 aut
1855 1805 2087 1890 corrigi
2133 1806 2352 1888 possit.
2445 1802 2687 1867 Deinde
2735 1823 2950 1868 omnes

586 1908 876 1970 omnium
939 1908 1445 1992 apographorum
1508 1908 1655 1991 (non
1720 1914 1977 1992 excepto
2040 1910 2270 1974 Codice
2333 1908 2595 1993 Veneto)
2651 1908 2950 1973 lectiones

587 2013 922 2077 abiicerem
943 2060 957 2087 ‚
1023 2020 1087 2075 et
1146 2012 1309 2077 solas
1370 2013 1725 2098 probabiles
1787 2018 2174 2080 coniecturas
2235 2035 2669 2100 excerperem,
2737 2021 2802 2079 et
2859 2018 2950 2080 sic

585 2140 689 2183 me
758 2119 989 2183 melius
1059 2118 1135 2181 de
1204 2118 1467 2183 Platone
1536 2124 1843 2185 meritum
1915 2142 2046 2185 esse
2117 2124 2546 2187 existimarem
2568 2171 2587 2204 ‚
2655 2141 2846 2205 quam
2895 2123 2949 2185 si

584 2229 925 2309 scripturas
979 2222 1231 2288 nullum
1295 2228 1553 2290 omnino
1600 2248 1788 2290 usum
1833 2227 2162 2292 habituras
2209 2248 2398 2313 quam
2446 2228 2758 2313 plurimas
2806 2249 2948 2294 con·

579 2352 933 2418 gess1ssem.

2255 2484 2325 2553 G.
2376 2484 2456 2553 G.
2507 2486 2799 2554 ΟΟΒΕΤ.

1540 2839 2010 2890 APOLLODORUS.

670 3036 737 3098 in
808 3034 1098 3098 Biblioth.
1170 3033 1224 3099 I.
1292 3031 1356 3100 9.
1422 3031 1545 3118 24,
1606 3036 1657 3099 οἱ
1732 3034 1793 3098 δὲ
1866 3035 2316 3116 διασχέθέντες
2387 3037 2580 3111 ἄλλος
2648 3040 2947 3122 ἀλλαχοῦ

580 3141 825 3220 ζήτησιν
897 3141 1222 3204 ἐποιοῦντο.
1326 3140 1470 3205 Non
1541 3148 1637 3205 est
1701 3138 2019 3209 Graecum
2081 3144 2530 3225 διασχεθέντες.
2629 3147 2946 3214 Emenda:

582 3246 1080 3327 διασχῙΟθέντ-ες.

673 3458 749 3520 In
816 3457 1109 3520 Biblioth.
1174 3456 1201 3519 Ι
1219 3503 1236 3533 ‚
1307 3455 1368 3519 9.
1432 3456 1557 3521 25:
1623 3459 1651 3520 ὁ
1716 3458 1777 3521 δὲ
1842 3455 2012 3523 εἶπεν
2072 3462 2123 3524 εἷ
2187 3463 2300 3538 μὲν
2366 3463 2473 3537 ἤδη
2547 3468 2948 3540 συνελήλυθεν

582 3561 800 3626 Ἰάσονι
862 3562 1140 3626 δώσειν
1201 3563 1392 3634 αὐτὴν
1456 3562 1677 3642 ἐκείνῳ.
1773 3562 2122 3630 Infeliciter
2181 3568 2524 3632 admodum
2581 3574 2944 3658 corrigunt:

581 3669 699 3752 (οὐ)
748 3667 953 3732 δώσειν
1008 3690 1108 3745 „ee
1153 3689 1277 3730 eam
1324 3673 1546 3732 Aeetae
1594 3692 1705 3730 non
1756 3671 2184 3734 traditurumss’

672 3775 878 3860 Lege:
928 3773 1144 3837 Ἰάσονι
1194 3776 1453 3838 ἘΑσειν
1502 3774 1742 3852 ἐκείνῳ,
1792 3775 1859 3839 id
1913 3781 2009 3840 est
2054 3777 2283 3843 choni.

670 3985 743 4048 In
790 3983 1080 4046 Biblioth.
1130 3981 1271 4059 III,
1322 3983 1386 4046 4.
1441 3983 1500 4046 4.

672 4089 960 4167 Λυγκεὺς
1008 4089 1111 4152 καὶ
1168 4086 1386 4160 ΒοίΝος
1435 4087 1626 4160 πόδας
1680 4091 1914 4164 αἱνετὸς
1968 4095 2054 4166 ἠδ’
2106 4095 2514 4177 ’Λμοὶρυνθοᾳ

674 4194 983 4262 Emenda:
1038 4193 1141 4258 καὶ
1192 4203 1500 4259 BAAIOC
1558 4193 1861 4282 (ssoezloq).

2247 4321 2320 4389 O.
2369 4321 2448 4390 G.
2501 4325 2578 4392 G.

1535 4473 1969 4484 ——.-—...—-—
