3369 5142
609 312 740 379 152
1595 327 2027 379 moeremus.

601 498 679 567 ἂν
735 497 1110 567 παντάπασι
1177 498 1588 582 διαφθαρῆναι
1652 502 1783 566 κτὲ.
1878 502 2025 568 Non
2070 508 2323 567 tantum
2376 498 2598 568 ἔλθοιεν
2650 499 2999 568 delendum

605 627 755 673 cum
798 603 1121 672 Classenio
1167 605 1278 672 sed
1325 608 1522 671 etiam
1571 605 1846 688 ἔχοντες.
1939 607 2035 674 De
2080 610 2311 694 primis
2350 609 2563 676 verbis
2600 608 2995 695 corrigendis

611 714 744 781 vid.
796 714 1081 780 Badham
1127 712 1266 778 Mn.
1315 712 1410 777 ΠΙ
1457 712 1566 778 23.

700 818 796 884 Vl
857 818 965 903 39,
1035 818 1092 883 1.
1155 818 1262 885 καὶ
1329 824 1594 886 ταῦτα
1655 819 1873 897 ὁμοίως
1917 819 2023 885 καὶ
2067 823 2239 885 κατὰ,
2286 820 2438 902 μέρη
2488 821 2595 887 καὶ
2642 820 2993 899 ξύμπαντα

533 922 538 927 ’
603 928 666 992 έν
709 926 1095 1009 δημοκρατίᾳ
1138 925 1479 1005 ἰσομοιρεῖν.
1575 925 2112 1011 Interpretantur:
2163 940 2342 1015 atque
2382 931 2488 995 hos
2530 935 2745 993 civim»
2790 930 2990 996 diver·

603 1056 699 1099 308
743 1034 983 1099 ordines
1027 1044 1087 1098 et
1116 1056 1234 1116 per
1271 1040 1474 1115 partes
1519 1043 1579 1097 et
1622 1034 1803 1097 simul
1836 1039 2140 1100 univer-308
2183 1041 2251 1100 in
2295 1042 2454 1101 amu
2485 1038 2779 1120 populari
2838 1037 2997 1102 iveris

601 1140 1024 1227 aequabilitate
1062 1141 1236 1225 frui.
1331 1139 1456 1206 Sed
1517 1159 1641 1224 quo
1700 1141 1839 1205 iure
1885 1145 2097 1206 ταῦτα
2144 1144 2363 1209 referri
2410 1147 2613 1229 possit
2662 1143 2743 1209 ad
2786 1144 2994 1209 homi-

599 1267 712 1312 nes
730 1294 747 1324 ,
811 1267 935 1312 non
995 1266 1308 1332 assequor.
1375 1245 1759 1311 Rectissime
1808 1244 2007 1314 Grote
2054 1269 2399 1333 pronomen
2438 1250 2695 1317 rettulit
2742 1250 2823 1315 ad
2868 1256 2991 1332 φυ-

601 1349 860 1418 λάσσειν
919 1352 1239 1430 βουλεύειν
1285 1356 1350 1418 et
1395 1353 1644 1435 κρίνειν,
1692 1372 1807 1417 nec
1854 1352 2119 1419 fortasse
2162 1356 2401 1421 iniuria
2444 1356 2739 1423 Badham
2786 1362 2986 1421 trans-

601 1462 818 1544 posuit
863 1458 970 1524 καὶ
1021 1462 1232 1524 ταῦτα
1279 1461 1424 1544 post
1469 1457 1839 1536 ξύμπαντα.

693 1562 784 1631 VI
845 1562 952 1629 48.
1019 1565 1079 1630 έν
1125 1566 1282 1646 πόρῳ
1329 1564 1455 1643 γὰρ
1502 1565 1751 1641 μαλιςα
1797 1565 1905 1630 καὶ
1953 1566 2270 1651 προσβολῇ
2320 1564 2474 1635 εἶναι
2518 1568 2747 1643 αὐτοὺς
2792 1568 2993 1651 (Mes-

601 1670 836 1758 sanios)
898 1680 1009 1747 τῆς
1075 1670 1371 1743 Σικελίας
1397 1718 1414 1746 ,
1478 1670 1582 1735 καὶ
1634 1669 1863 1747 λιμένα
1907 1672 2011 1735 καὶ
2062 1673 2401 1755 ἕφόρμησιν
2447 1684 2525 1757 τῇ
2574 1681 2803 1759 epm-tq}
2852 1678 2992 1740 ἱκα-

606 1776 890 1853 νωτάτη
911 1802 940 1841 ν
1001 1774 1264 1843 ἔσεσθαι.
1359 1776 1650 1843 Badham
1710 1781 1881 1842 recte
1939 1798 2179 1865 negans
2240 1782 2411 1865 ipsos
2474 1780 2829 1847 Messanios
2878 1785 2991 1847 aut

601 1886 829 1951 urbem
890 1905 1113 1952 eorum
1176 1881 1404 1963 λιμένα
1470 1883 1573 1947 καὶ
1640 1882 1979 1964 ἐφόρμησιν
2042 1884 2171 1951 dici
2231 1890 2515 1971 potuisse
2570 1888 2840 1953 coniecit
2884 1887 2989 1953 καὶ

603 1991 706 2056 τὸν
770 1991 1000 2070 λιμένα
1063 1988 1386 2073 ἔφόρμισιν
1445 1990 1574 2053 κτὲ.
1623 1988 1796 2055 Mihi
1842 1990 2237 2075 probabilius
2282 1994 2543 2061 videtur
2588 1998 2731 2078 post
2776 1994 2990 2059 ἱκανω-

605 2105 913 2163 TATHN
961 2102 1216 2182 propter
1261 2095 1573 2161 ductuum
1621 2094 2117 2162 similitudinem
2164 2098 2561 2164 intercidisse
2598 2106 2985 2165 TATTHN.

607 2203 898 2270 Eundem
970 2223 1242 2269 errorem
1311 2203 1477 2267 stud.
1557 2202 1734 2291 Thac.
1807 2222 1871 2286 p.
1948 2201 2076 2270 157
2148 2206 2460 2292 castigavi
2527 2203 2649 2270 VH
2710 2204 2795 2269 42
2852 2208 2890 2291 ξ
2948 2205 2987 2271 5

606 2317 752 2377 ante
810 2308 1222 2396 Madvigium
1268 2308 1437 2373 Adv.
1485 2306 1516 2371 I
1565 2306 1719 2384 330,
1768 2309 1873 2373 cui
1922 2310 2281 2377 emendatio
2329 2311 2528 2377 tribui
2574 2310 2779 2397 solet,
2827 2314 2993 2378 inse·

601 2415 798 2481 rendo
845 2415 1083 2490 ταύτην
1130 2418 1275 2500 post
1318 2411 1835 2498 ξυντομωτοὶτην,
1880 2436 1995 2481 nec
2041 2415 2324 2500 praefero
2372 2416 2541 2503 quod
2584 2422 2807 2503 postea
2849 2437 2989 2504 pro-

603 2523 818 2610 posuit
885 2520 1174 2588 Badham
1244 2518 1416 2587 καθ’
1493 2512 1520 2584 ὃ
1585 2519 2083 2598 ξυντομώτατα
2146 2524 2364 2602 ἡγεῖτο
2426 2522 2984 2604 διαπολεμήσων.

605 2629 921 2696 Similiter
965 2627 1342 2716 Madvigius
1385 2626 1499 2692 1.1.
1553 2627 1918 2693 emendavit
1962 2627 2081 2693 Vn
2128 2625 2238 2708 86,
2293 2629 2327 2694 1
2368 2630 2483 2694 ubi
2522 2629 2737 2696 editur
2775 2633 2990 2713 ἆσφα·

605 2736 938 2813 λεςοὶτην
999 2731 1150 2824 εἶναι
1213 2735 1576 2813 νομίσαντες
1623 2734 1902 2811 τήρησιν,
1954 2735 2067 2819 qui
2109 2733 2289 2801 locus
2332 2755 2441 2801 me
2480 2736 2755 2822 fugerat.
2802 2739 2989 2804 Nunc

601 2843 847 2910 duobus
915 2841 1048 2907 illis
1114 2840 1272 2906 locis
1343 2838 1450 2905 hic
1519 2841 1748 2904 tertius
1818 2839 2089 2905 addatur
2103 2860 2120 2919 3
2186 2861 2346 2927 quae
2410 2863 2511 2907 res
2569 2843 2743 2910 haud
2800 2844 2991 2910 dubie

599 2951 841 3016 criticis
880 2947 1266 3034 quibusdam
1303 2945 1711 3030 persuadebit
1748 2948 1990 3031 optime
2028 2947 2095 3010 in
2136 2947 2374 3013 talibus
2402 2967 2749 3032 pronomen
2774 2951 2989 3016 omitti

600 3061 664 3123 et
743 3074 978 3121 novam
1065 3053 1228 3118 hanc
1298 3072 1432 3118 esse
1507 3050 1895 3140 elegantiam
1968 3052 2103 3118 stili
2168 3052 2589 3140 Thucydidei.
2666 3093 2748 3106 -—
2822 3055 2989 3137 Quid

599 3160 1009 3228 Badhamum
1054 3157 1360 3236 moverit,
1413 3162 1489 3223 ut
1535 3157 1859 3239 ἕφόρμισις
1878 3206 1896 3242 ,
1946 3159 2113 3244 quod
2161 3158 2281 3225 hoc
2330 3159 2463 3226 solo
2509 3158 2649 3226 loco
2693 3161 2887 3247 idque
2920 3163 2989 3226 in

599 3268 962 3336 deterrimis
1020 3266 1204 3333 libris
1258 3264 1501 3352 legitur
1546 3285 1657 3350 pro
1700 3264 2070 3347 ἐφόρμησις,
2123 3266 2398 3332 formam
2444 3268 2632 3332 unice
2678 3266 2987 3333 Graecam

601 3395 734 3441 esse
782 3373 1149 3450 contendat,
1199 3370 1438 3439 vellem
1489 3371 1682 3439 verbo
1732 3370 1961 3436 saltem
2008 3370 2450 3458 significasset.
2529 3373 2769 3454 Quidni
2812 3376 2987 3441 enim

599 3480 678 3546 ab
726 3479 1013 3558 ἐφορμεῖν
1061 3477 1472 3565 Thucydides
1517 3475 1757 3564 fingere
1805 3479 2017 3561 potuit
2063 3477 2543 3544 substantivum
2612 3479 2986 3566 ἐφόρμησις,

596 3591 672 3651 ut
718 3606 755 3651 a
801 3585 1042 3667 Φθονεῖν
1067 3582 1434 3670 ‘Sophocles
1482 3581 1667 3648 finxit
1714 3580 2016 3664 Φθόνησις
2037 3629 2053 3660 ,
2106 3588 2171 3648 et
2216 3604 2255 3649 a
2300 3592 2539 3666 Φρονεῒν
2580 3583 2811 3652 Graeci
2850 3608 2987 3653 om-

595 3711 708 3757 nes
775 3689 1099 3774 φρόνησις,
1166 3694 1243 3754 ut
1291 3688 1434 3755 -alia
1481 3687 1763 3772 plurima
1815 3686 2102 3755 taceam?
2160 3689 2359 3775 quue
2404 3711 2477 3757 eo
2524 3694 2731 3758 tutius
2778 3693 2984 3760 facere

591 3800 807 3886 potuit
823 3846 841 3882 ,
891 3795 1059 3882 quod
1107 3796 1186 3861 ab
1235 3795 1514 3876 ἕφορμέὶν
1561 3792 1691 3859 tale
1738 3793 2215 3862 substantivum
2262 3817 2451 3864 nemo
2500 3797 2904 3865 formaverat.

688 3900 778 3969 VI
824 3901 936 3980 50,
990 3898 1052 3966 4.
1109 3900 1260 3965 δέκα
1308 3900 1371 3964 δὲ
1418 3901 1537 3964 τῶν
1583 3906 1724 3964 νεῶν
1772 3899 2189 3982 προύπεμψαν
2236 3904 2296 3975 ἐς
2344 3903 2447 3969 τὸν
2493 3903 2708 3982 μέγαν
2756 3902 2984 3983 λιμένα

595 4008 964 4075 πλεῦσαί
1025 4033 1111 4074 τε
1173 4008 1306 4073 καὶ
1358 4004 1885 4086 κατασκέψασθαι
1936 4006 1994 4070 εἴ
2035 4030 2095 4072 τι
2146 4010 2427 4075 ναυτικόν
2478 4011 2567 4080 ἒςι
2620 4013 2985 4078 noemma-

597 4115 798 4195 μένον.
839 4115 1102 4183 Servato
1139 4114 1259 4179 hoc
1292 4112 1634 4180 verborum
1674 4114 1891 4179 ordine
1929 4135 2117 4180 nemo
2153 4136 2279 4181 non
2310 4117 2539 4204 iunget
2564 4117 2986 4200 προύπεμψαν

598 4224 660 4297 ἐς
707 4223 811 4288 τὸν
857 4222 1069 4301 μέγαν
1112 4218 1375 4299 λιμένα,
1426 4241 1576 4285 cum
1623 4223 1840 4286 tamen
1878 4224 2191 4288 sententia
2226 4225 2444 4289 iubeat
2482 4226 2673 4313 iungi
2712 4231 2987 4290 πλεῦσαι

598 4331 660 4402 ἐς
729 4330 833 4396 τὸν
895 4327 1158 4407 λιμένα,
1226 4326 1350 4392 nisi
1413 4331 1684 4392 πλεῦσαι
1734 4347 1989 4412 prorsus
2034 4328 2266 4395 inutile
2314 4331 2399 4396 sit
2448 4329 2987 4397 additamentum.

601 4437 776 4522 Quae
845 4456 1034 4503 causa
1100 4435 1389 4502 Badham
1465 4433 1601 4522 (qui
1668 4432 1981 4499 lectorum
2041 4435 2325 4502 sollertia
2381 4437 2666 4504 nimium
2716 4436 2988 4504 confisus
