3369 5142
560 244 687 313 136
1533 264 1958 315 muormons-

554 434 1036 513 ἐπεβούλευσαν.
1130 434 1382 502 Vitiosa
1439 437 1595 503 haec
1653 440 1993 505 verborum
2056 436 2431 522 compositio
2492 437 2589 499 est
2647 448 2799 517 pro:
2868 428 2935 495 οὔ

553 542 681 621 γὰρ
729 537 979 615 ἄκοντες
1027 542 1366 626 ἔβλαψαν,
1417 542 1639 615 εἰδότες
1688 543 1769 609 δέ.
1822 544 1984 611 Vera
2025 542 2219 610 lectio
2264 540 2522 607 videtur
2566 539 2721 603 haec
2768 556 2936 601 esse:

556 650 839 730 ΪΕκόντες
899 652 1014 726 μὲν
1070 648 1197 728 γὰρ
1260 647 1597 727 ἔβλαψαν,
1663 651 1889 723 εἰδότες
1951 649 2017 715 δέ
2076 650 2202 714 κτὲ.
2300 647 2494 712 Nulla
2560 650 2733 709 venia
2777 641 2943 723 diqni

559 762 735 831 sunt,
781 756 1026 839 inquit,
1079 750 1382 832 ἔβλαψαν
1429 755 1556 834 γὰρ
1601 756 1860 829 ἑκόντες.
1956 756 2301 841 Postquam
2343 752 2516 818 facili
2557 770 2762 818 errore
2782 797 2797 825 ‚
2838 748 2943 813 cui

561 859 840 925 similem
901 879 1092 944 supra
1153 860 1479 937 videmus,
1543 861 1823 933 Ἐκόντες
1872 865 1939 927 in
1978 863 2275 932 ’Ἀκοντες
2322 863 2693 944 corruptum
2742 860 2941 930 esset,

562 966 832 1032 inseruit
878 966 1112 1053 aliquis
1155 970 1263 1034 οὐκ
1287 1018 1303 1045 ,
1355 974 1432 1038 ut
1478 966 1693 1054 aliqua
1738 970 2049 1035 sententia
2094 970 2341 1034 inesset.

657 1176 950 1265 Thucyd.
1017 1176 1136 1242 III.
1209 1177 1316 1243 40.
1367 1182 1427 1247 3.
1481 1179 1626 1260 πρὸς
1674 1180 1815 1252 τοὺς
1867 1218 1949 1228 -
2002 1178 2071 1257 ἐξ
2114 1179 2398 1257 άνάγκης
2446 1180 2799 1249 καθεςῶτας
2848 1174 2945 1240 de>

563 1282 998 1362 ΠΟΛΕμΙους.
1099 1281 1506 1372 Thucydides
1583 1285 1791 1351 dicere
1860 1285 2023 1352 solet
2091 1284 2194 1351 άεί
2261 1292 2504 1350 ΠΟΤΕ
2570 1280 2937 1359 πολεμίους,

567 1390 735 1475 quod
781 1410 896 1455 cur
939 1388 1126 1455 facile
1172 1389 1460 1457 excidere
1503 1395 1784 1476 potuerit
1832 1394 2238 1477 perspicuum
2294 1397 2391 1457 est

661 1596 952 1688 Thucyd.
1011 1598 1134 1665 HI.
1184 1598 1292 1664 40.
1344 1598 1404 1665 6.
1451 1600 1504 1665 οἱ
1552 1602 1641 1678 μὴ
1687 1597 1797 1676 ξὺν
1846 1598 2154 1691 προφάσει
2202 1600 2341 1666 τινὰ
2390 1606 2590 1673 κακῶς
2642 1604 2950 1670 ποιοῦντες

575 1704 1015 1786 ἐπεξέρχονται
1083 1708 1188 1773 κα)
1251 1708 1630 1774 διόλλυνται.
1724 1707 1985 1794 Optime
2043 1714 2397 1775 correctum
2460 1715 2557 1773 est
2618 1729 2657 1773 a
2710 1704 2956 1773 Stahlio

574 1811 1011 1893 ἐπεξέρχονται
1058 1814 1162 1880 καὶ
1213 1816 1600 1880 διολλύΝΑΙ.
1652 1813 2042 1881 Scholiasta:
2092 1816 2142 1879 ol
2188 1813 2538 1887 άδικοῦντές
2587 1837 2725 1878 τινα
2766 1811 2953 1895 χωρὶς

578 1918 822 2002 αἰτίας,
871 1918 1144 1988 τουτέςιν
1191 1918 1339 1985 ἄνευ
1386 1925 1490 1986 τοῦ
1541 1922 2010 1999 προηδικῆσθαι,
2058 1920 2497 2003 σπουδάζουσιν
2554 1920 2955 1985 άπολὲΕΘΛῙ

573 2023 714 2095 τοὺς
781 2022 857 2088 δι’
921 2026 1200 2099 ἐναντίας
1260 2027 1374 2091 ubi
1420 2028 1827 2112 perspicuum
1876 2032 1973 2091 est
2018 2028 2359 2092 άπολέΟΛΙ
2408 2025 2733 2093 emendari
2778 2046 2953 2112 opor·

574 2134 722 2195 tere.
775 2129 1130 2198 Scholiasta
1174 2132 1364 2198 alius:
1417 2131 1466 2197 οἱ
1512 2134 1602 2211 μὴ
1649 2131 1929 2212 πρότερον
1974 2132 2355 2207 ἀδικηθέντες
2377 2180 2394 2211 ,
2446 2134 2952 2214 ἐπιχειρήσαντες

577 2234 640 2299 δὲ
689 2237 976 2311 άδικῆσαι
1023 2236 1307 2319 πρότερόν
1351 2262 1525 2310 τινας
1575 2238 1957 2316 ἐπιμένουσιν
2004 2235 2112 2311 ἕως
2164 2238 2242 2303 ἂν
2280 2238 2663 2305 ἀπολέσωσιν
2706 2238 2955 2313 αὐτούς.

671 2439 962 2532 Thucyd.
1027 2446 1156 2515 IH.
1224 2446 1334 2515 40.
1404 2445 1461 2513 7.
1537 2450 1626 2526 μὴ
1698 2446 2191 2525 μαλακισθέντες
2259 2448 2404 2528 πρὸς
2468 2448 2536 2513 τὸ
2598 2451 2961 2531 παραυτίκα

581 2549 734 2628 μηδὲ
798 2555 905 2617 τοῦ
968 2552 1514 2636 έπικρεμασθέντος
1577 2562 1819 2620 ΠΟΤΕ
1880 2554 2066 2620 δεινοῦ
2130 2554 2641 2632 ἀμνημονοῦντες.
2753 2556 2963 2624 Multo

583 2659 790 2725 acrius
833 2679 906 2726 ac
952 2660 1189 2727 melius
1235 2665 1331 2728 est
1376 2661 1520 2726 τότε
1567 2681 1680 2747 pro
1722 2661 1910 2726 ποτέε
1950 2663 2209 2746 ponitur
2246 2661 2417 2726 enim
2459 2661 2601 2728 τότε
2631 2662 2709 2729 de
2732 2667 2962 2731 timore

585 2772 697 2834 ant
741 2765 1023 2852 periculo
1041 2815 1060 2850 ,
1106 2769 1287 2833 cuius
1335 2787 1546 2833 recens
1593 2769 1659 2832 in
1702 2766 2066 2833 auditorum
2105 2769 2343 2858 animis
2376 2772 2689 2835 memoria
2725 2772 2959 2838 haeret.

677 2979 969 3067 Thucyd.
1039 2978 1164 3044 ΙΙΙ.
1240 2977 1344 3042 42.
1422 2978 1482 3044 5.
1551 2980 1674 3059 χρη
1748 2977 1811 3042 δὲ
1877 3016 1958 3027 -
2024 2981 2134 3055 την
2195 2979 2474 3060 σώφρονα
2539 2979 2715 3044 πόλιν
2762 2982 2846 3060 τῷ
2890 3001 2961 3044 τε

587 3095 823 3155 πλεῖς-α
893 3082 960 3150 εὖ
1033 3083 1388 3162 βουλεύοντι
1458 3087 1546 3162 μὴ
1619 3083 1998 3164 προστιθέναι
2061 3085 2246 3162 τιμήν
2312 3085 2441 3149 κτὲ.
2536 3083 2958 3151 Herwerden:

589 3193 832 3274 „malim
898 3213 1026 3256 cum
1089 3189 1336 3256 Wemo:
1396 3192 1480 3270 τῷ
1544 3215 1616 3256 τε
1679 3192 1837 3261 πιςα
1906 3189 2450 3270 ξυμβουλεύοντι.”
2512 3191 2624 3256 sed
2684 3189 2964 3257 alienum

587 3303 683 3366 est
729 3319 767 3365 a
809 3297 936 3365 loci
981 3299 1296 3364 sententia
1342 3296 1497 3365 πιςά
1516 3342 1533 3373 ,
1575 3317 1688 3382 pro
1729 3317 1854 3382 quo
1894 3295 2365 3362 emendaverim
2401 3299 2487 3377 τῷ
2528 3322 2597 3362 τε
2620 3299 2967 3361 '‘APICTA

587 3402 1096 3485 ξυμβουλεύοντι.

680 3615 969 3702 Thucyd.
1017 3612 1126 3678 III.
1182 3613 1268 3679 42
1321 3612 1381 3678 6.
1431 3613 1458 3676 ὃ
1506 3616 1594 3690 μη
1636 3613 1949 3693 ἐπιτυχὼν
1988 3613 2255 3692 ὀρέγοιτο
2289 3616 2374 3694 τῷ
2407 3615 2574 3695 αὐτῷ
2604 3613 2971 3697 [χαριζόμε-

589 3721 682 3797 νός
732 3747 790 3788 τι
840 3720 944 3786 καὶ
993 3717 1212 3804 αὐτός]
1263 3717 1680 3800 προσάγεσθαι
1731 3720 1799 3782 τὸ
1850 3720 2099 3794 πλῆθος.
2193 3719 2525 3806 Krueger,
2574 3723 2757 3786 cuius
2803 3717 2977 3784 mul·

589 3837 692 3896 tae
752 3834 902 3894 sunt
964 3827 1369 3892 acutissimae
1431 3826 1936 3903 observationes,
1986 3827 2226 3910 optime
2276 3826 2730 3894 animadvertit
2780 3828 2972 3892 verba

586 3931 991 4016 χαριζόμενος
1063 3954 1123 3996 τι
1193 3931 1298 3996 καὶ
1372 3931 1558 4003 αὐτός
1601 3951 1763 4030 ‘esse
1831 3933 2413 4016 interpretationem
2478 3933 2819 3999 verborum
2883 3933 2967 4013 τῷ

587 4043 778 4124 αὐτῷ.
871 4037 1204 4106 Praecedit
1251 4039 1453 4102 enim:
1505 4038 1532 4102 ὃ
1582 4038 1879 4117 κατορθῶν
1928 4037 2085 4114 ἥκις·’
2130 4035 2207 4101 ἂν
2257 4075 2339 4086 -
2391 4038 2565 4120 παρὰ
2612 4035 2866 4116 γνώμην
2906 4063 2967 4104 τι

586 4148 690 4214 καὶ
764 4147 909 4229 πρὸς
971 4142 1159 4225 χάριν
1227 4127 1420 4221 λ’έγοι.
1515 4143 1743 4228 Itaque
1806 4143 1889 4223 τῷ
1954 4145 2121 4226 αὐτῷ
2182 4149 2277 4210 est
2338 4147 2421 4224 τῷ
2470 4144 2616 4224 πρὸς
2664 4143 2855 4227 χάριν
2902 4169 2962 4211 τι

582 4256 793 4338 λέγειν
839 4257 974 4319 sive
1022 4247 1422 4338 χαριζόμενός
1475 4272 1533 4311 τι
1583 4248 1689 4311 καὶ
1741 4247 1946 4320 αὐτός.
