3369 5142
633 284 765 353 300
1600 299 2032 351 rnucrnmm.

728 472 879 561 Gap.
929 472 1015 539 52
1062 476 1217 540 extr.
1268 471 1405 538 dele
1449 472 1762 539 vocabula
1807 476 1952 545 ναῦς
1999 478 2118 537 τῶν
2161 472 2530 549 Ἀθηναίων.

729 578 880 667 Cap.
946 580 1052 658 53,
1114 579 1153 645 3
1226 579 1328 644 καὶ
1390 580 1508 651 τας
1572 586 1716 652 ναῦς
1783 582 1900 648 τὰς
1961 580 2075 657 μὲν
2135 578 2379 653 πολλαὶς
2439 579 2733 646 διέσωσαν
2779 605 2848 645 τε
2897 580 3004 645 καὶ

637 688 990 767 ξυνήγαγον
1051 687 1293 770 [κατὰ
1358 688 1426 751 τὸ
1490 685 1910 770 :parda-esav}
1959 686 2362 775 Thucydides
2410 690 2760 773 scripsisset
2813 689 2888 761 ἐς
2936 687 3006 751 τὸ

637 794 1024 874 ςρατόπεδον.
1093 793 1169 858 In
1228 796 1536 879 proximis
1602 792 1899 859 Weidner
1960 793 2200 860 detexit
2246 794 2488 880 puerile
2535 794 2848 861 emblema
2897 795 3005 871 ε’μ·

638 910 863 981 πρῆσαι
925 898 1321 984 βουλόμενοι,
1388 900 1554 985 quod
1613 905 1830 965 autem
1892 900 2115 965 deinde
2160 908 2327 967 recte
2375 901 2657 967 deletum
2706 902 2851 967 vult
2899 903 3006 975 τὴν

636 1013 821 1086 ναῦν,
887 1008 1129 1074 dudum
1190 1027 1265 1072 ea
1326 1006 1403 1071 de
1449 1027 1517 1072 re
1577 1008 1802 1071 monui
1865 1007 2046 1071 Stud.
2093 1007 2294 1072 Thuc.
2343 1030 2409 1093 p.
2460 1006 2621 1083 100,
2674 1030 2783 1073 sex
2829 1012 3010 1075 annis

638 1122 785 1183 ante
828 1114 1229 1181 Badhamum
1279 1111 1543 1199 (Mnem.
1584 1112 1705 1199 IV)
1723 1159 1742 1190 ,
1791 1116 1895 1178 cui
1931 1114 2159 1182 tribuit
2197 1112 2456 1181 Classen
2479 1115 3008 1181 emendationem.

638 1222 762 1289 Sed
820 1221 1147 1287 Badhamo
1205 1240 1425 1285 revera
1476 1222 1686 1304 primo
1733 1220 1996 1285 debetur
2041 1222 2301 1285 maioris
2349 1224 2662 1303 momenti
2710 1222 3008 1286 correctio

642 1332 704 1394 in
760 1330 918 1413 ipsis
977 1328 1421 1413 sequentibus,
1485 1326 1599 1391 ubi
1643 1328 1838 1392 verba
1881 1327 1984 1390 καὶ
2033 1326 2390 1400 παύσαντες
2440 1328 2548 1400 τὴν
2596 1328 2852 1408 φλόγα,
2903 1328 3012 1391 ab·

641 1434 827 1501 surde
904 1434 1070 1499 lecta
1134 1436 1277 1518 post
1344 1434 1645 1517 κώλυμα,
1717 1435 2037 1519 transponi
2103 1435 2293 1497 iussit
2353 1439 2497 1519 post
2565 1434 2676 1507 τὴν
2744 1433 3006 1499 ὁλκάδα.

642 1540 963 1607 Classenio
1024 1545 1098 1606 de
1153 1540 1469 1604 industria
1528 1542 1903 1625 scriptorem
1961 1546 2026 1604 et
2071 1538 2428 1628 elegantius
2477 1541 2669 1607 verba
2713 1540 2852 1607 illic
2901 1562 3010 1627 po-

646 1650 845 1713 suisse
890 1646 1113 1731 videri,
1161 1648 1477 1731 expectari
1520 1646 1649 1711 fere
1695 1650 1960 1731 poterat.

740 1752 893 1839 Cap.
956 1751 1063 1832 55,
1126 1752 1159 1817 1
1232 1754 1284 1817 οἱ
1342 1752 1455 1829 μὲν
1515 1749 1832 1827 Ἀθηναῖοι
1896 1752 1925 1815 ε’
1940 1777 1969 1815 ν
2031 1754 2276 1818 παντὶ
2340 1754 2411 1827 δὴ
2461 1752 2802 1840 [ἀθυμίας]
2855 1750 3007 1828 ἦσαν

650 1858 753 1923 καὶ
794 1860 823 1923 ὅ
870 1856 1226 1936 παράλογος
1276 1860 1487 1927 αὐτοῖς
1533 1858 1744 1935 μέγας
1793 1855 1896 1935 ἦν,
1947 1858 2106 1923 πολὺ
2155 1859 2217 1923 δὲ
2263 1858 2484 1939 μείζων
2527 1856 2616 1924 ἔτι
2648 1870 2790 1933 τῆς
2837 1884 3012 1938 &px-

646 1967 773 2030 τεί
788 1991 830 2030 α
850 1991 879 2029 ς
943 1967 969 2030 ὅ
1029 1967 1410 2045 μετάμελος.
1504 1965 1773 2051 Propter
1816 1966 2252 2031 membrorum
2297 1966 2746 2051 aequilibrium
2797 1968 3012 2033 abesse

648 2072 873 2138 malim
946 2073 1114 2158 quod
1181 2072 1351 2137 ultro
1418 2070 1812 2159 intelligitur
1872 2078 1982 2146 τῆς
2045 2071 2364 2151 ςρατείας.
2457 2072 2578 2137 Sed
2641 2075 2874 2139 certius
2917 2076 3014 2137 est

650 2178 933 2256 ἀθυμίας
993 2199 1118 2245 non
1164 2200 1299 2245 esse
1346 2179 1717 2266 genuinum.
1769 2181 1874 2243 Ἐν
1924 2178 2109 2242 παντὶ
2157 2174 2310 2242 εἶναι
2361 2177 2684 2263 aliquanto
2727 2178 2873 2263 plus
2917 2184 3015 2245 est

646 2306 837 2371 quam
900 2282 1203 2362 ἀθυμεῖν,
1266 2296 1339 2349 ut
1386 2284 1684 2360 arbitror,
1741 2292 1806 2349 et
1851 2304 2173 2349 summam
2223 2286 2607 2350 anxietatem
2658 2289 3012 2370 mentisque

645 2393 927 2479 inopiam
987 2392 1281 2457 denotare
1342 2389 1523 2456 solet.
1617 2389 1715 2455 Cf.
1774 2390 1941 2455 Plat.
2006 2388 2226 2477 Symp.
2293 2412 2359 2475 p.
2411 2389 2544 2454 194
2592 2389 2672 2477 A,
2721 2390 3004 2478 Euthyd.

646 2521 707 2585 p.
760 2496 913 2563 301.
964 2518 1015 2561 a.
1091 2496 1256 2561 Xen.
1322 2494 1491 2561 Heu.
1560 2494 1612 2553 V
1678 2496 1742 2559 4.
1807 2494 1915 2559 29.
2001 2494 2186 2560 Idem
2254 2516 2622 2582 perversum
2692 2497 3010 2584 glossema

650 2609 845 2670 etiam
892 2603 1047 2669 alibi
1092 2604 1244 2669 huic
1290 2602 1599 2670 formulae
1646 2603 1960 2670 adhaeret.

741 2712 894 2796 Cap.
946 2709 1053 2792 57,
1106 2711 1139 2774 1
1206 2714 1374 2775 recte
1420 2707 1674 2775 Classen
1724 2709 1962 2775 delevit
2007 2709 2107 2774 ἐπὶ
2157 2711 2589 2790 Συρακούσας,
2641 2711 2808 2796 quod
2855 2712 3018 2775 mihi

650 2838 897 2904 quoque
955 2818 1131 2882 venit
1188 2819 1257 2880 in
1302 2821 1586 2881 mentem
1632 2815 1874 2903 leg-enti
1919 2815 2238 2882 Badhami
2285 2816 2726 2882 violentiorem
2776 2820 3013 2882 coniec-

651 2930 863 2990 turam
912 2921 1181 2994 ἐλθόντες
1232 2924 1544 2987 mutantis
1590 2924 1658 2986 in
1706 2917 1915 3000 ἦλθον,
1965 2923 2170 2988 deleto
2218 2922 2629 2998 ἐπολέμησαν.

740 3030 987 3096 Ibidem
1032 3032 1070 3114 ἓ
1116 3028 1159 3093 2
1224 3031 1327 3093 καὶ
1378 3027 1467 3094 ἔτι
1516 3032 1788 3102 Ἑςιαιῆς
1839 3031 1889 3094 οἱ
1934 3030 1992 3092 ἕν
2040 3029 2283 3113 Εὐβοία
2328 3030 2642 3113 [Ἐς-Ιαιαν
2689 3031 3014 3116 οἶκοῢντες]

653 3137 889 3203 ἄποικοι
950 3135 1112 3208 ὄντες
1177 3134 1860 3214 ξυνεςροέτευσαν.
1917 3142 2034 3199 τῶν
2095 3136 2146 3200 δ’
2208 3135 2422 3200 ἄλλων
2469 3139 2519 3200 οἱ
2568 3137 2682 3212 μὲν
2731 3137 3013 3214 ὑπήκοοι,

652 3246 699 3309 οἱ
752 3243 808 3308 δ’
856 3241 983 3308 ἀπὸ
1028 3241 1413 3320 ξυμμαχίας
1461 3240 1814 3317 αὐτόνομοι,
1865 3241 1979 3306 εἰσὶ
2025 3240 2078 3306 δ’
2120 3237 2174 3304 οἳ
2215 3242 2318 3304 καὶ
2362 3240 2708 3321 μισθοφόροι
2735 3239 3018 3321 ξυνεςροέ·

650 3375 842 3417 τευον.
934 3348 1337 3435 Thucydides
1398 3346 1625 3412 Saltem
1689 3347 2037 3432 scripsisset
2085 3349 2134 3411 οἱ
2182 3348 2291 3422 τὴν
2339 3349 2399 3410 ἐν
2446 3348 2688 3432 Εὐβοίᾳ
2735 3350 3016 3415 Ἐςίαιαν

650 3460 983 3530 οἰκοῦντες,
1052 3461 1127 3521 ut
1194 3475 1329 3519 eam
1402 3455 1627 3519 urbem
1697 3475 1734 3518 a
1801 3456 2164 3542 cog-nomini
2232 3453 2460 3539 oppido
2531 3456 2601 3518 in
2665 3456 3016 3521 Acarnania

651 3565 1089 3650 distingueret.
1180 3560 1302 3625 Sed
1362 3560 1534 3625 idem
1590 3561 1848 3625 brevius
1909 3552 2110 3625 facere
2176 3563 2386 3645 potuit
2451 3562 2777 3628 scribendo
2842 3561 2891 3627 οἱ
2957 3564 3016 3627 ἐν

650 3669 923 3754 Εὐβοία,
972 3668 1137 3753 quod
1184 3672 1397 3731 tamen
1444 3664 1829 3753 magistellis
1873 3667 2388 3752 interpretatione
2427 3687 2612 3753 egere
2649 3669 2860 3734 visum
2901 3674 3014 3734 est.

648 3776 891 3840 Deinde
953 3773 1158 3839 deleto
1212 3770 1699 3851 ξυνεςρατευσαν
1751 3777 1934 3836 muta
1977 3776 2068 3837 sic
2115 3775 2726 3858 interpunctionem:
2774 3773 3014 3842 ἄποικοι

652 3879 837 3956 ὄντες,
862 3887 978 3944 τῶν
1003 3876 1981 3957 δ’ἄλλων-ξυνεςροὶτευον,
2007 3883 2081 3944 ut
2105 3879 2326 3944 abhoc
2350 3900 2476 3946 uno
2501 3880 2692 3945 verbo
2716 3901 3017 3965 suspensa

650 3989 777 4052 sint
812 3988 1025 4050 omnia
1060 3987 1345 4050 subiecta
1382 3986 1637 4061 Λήμνιοι
1668 4023 1750 4031 -
1778 3984 2141 4062 Αἰγινῆται,
2186 3987 2458 4060 Ἐς-ιαιῆς
2478 4034 2496 4063 ,
2525 3987 2574 4050 οἱ
2599 3987 2712 4062 μὲν
2740 4024 2821 4033 --
2848 3989 2902 4050 οἱ
2927 3988 3011 4073 δὲ,

650 4094 761 4159 εἶσὶ
815 4092 869 4157 δ’
916 4085 991 4156 οἳ.
1038 4091 1137 4156 Ad
1180 4090 1632 4175 Imperfectum
1678 4093 1747 4154 in
1792 4110 1924 4176 sqq.
1975 4093 2051 4156 cf.
2103 4091 2452 4167 ἠκολούθουν
2479 4129 2560 4140 -
2589 4093 2898 4174 ἐμάχοντο
2931 4134 3011 4142 ——

649 4199 941 4280 ἐπέφερον
984 4237 1066 4246 -
1108 4196 1525 4277 ἠναγκάζοντο
1570 4233 1652 4244 —-
1690 4195 2036 4271 ξυνείποντο
2080 4235 2161 4246 -
2199 4195 2436 4262 εἵποντο
2463 4237 2546 4246 -
2572 4197 2884 4278 ἐμάχοντο
2931 4239 3012 4251 —-

648 4306 931 4385 ἐγίγνετο
959 4342 1041 4352 -
1067 4301 1495 4383 ξυνεςροέτευον
1544 4341 1627 4350 -—-
1678 4301 2014 4383 ἕςροὶτευον.
2066 4305 2140 4368 In
2176 4303 2278 4390 §4
2325 4304 2534 4369 nescio
2579 4325 2658 4369 an
2699 4307 3016 4393 corrigen-

640 4414 791 4478 dum
841 4414 924 4477 sit
970 4414 1115 4482 ναῦς
1168 4409 1228 4473 δὲ
1273 4408 1647 4489 παρέχοντες
1689 4409 2008 4488 αὐτόνομοι
2051 4409 2425 4487 ξυνθΙπ-οντο
2449 4430 2561 4496 pro
2585 4409 3006 4486 ξυνΕΟποντο.
