3369 5142
1343 356 1776 419 ‘timeremus
2672 345 2711 421 ’7
2718 346 2757 417 5

361 534 540 615 μόνες
618 533 879 623 [ὥσπερ]
952 541 1053 603 νῦν
1123 539 1298 616 ὑμεῖς
1364 541 1921 619 κεφαλαιώσαντες
1985 540 2130 621 πρὸς
2196 540 2267 604 τὸ
2331 535 2590 618 ξύμπαν
2638 541 2757 613 τοὶς

361 640 723 721 διαγνώμας
775 644 1217 729 ποιὴσΗΕΘΕ,
1259 641 1437 721 ἧσσόν
1475 670 1568 719 τις
1612 646 1709 710 ἐπ’
1750 647 1979 717 ἀδίκοις
2020 648 2214 725 ἔργοις
2256 645 2480 723 λόγους
2525 647 2755 719 καλοὺς

359 750 631 830 ζητήσει.
726 749 890 831 Quia
957 750 1034 815 de
1095 748 1412 816 Badhami
1472 756 1786 819 sententia
1845 751 2042 832 ὥσπερ
2091 752 2329 817 delevit
2376 753 2512 837 ipse
2565 773 2759 818 suum

360 862 591 923 testem
663 858 996 922 destruxit.
1093 854 1216 922 Oui
1285 842 1554 923 tandem·
1610 860 1987 925 mortalium
2054 861 2121 923 in
2190 865 2475 924 mentem
2541 862 2759 926 venire

360 966 572 1048 potuit
631 984 834 1048 quum
895 969 1060 1029 esset
1104 966 1173 1027 in
1218 963 1402 1029 libris
1451 967 1500 1029 οἱ
1551 964 1850 1043 ἡγεμόνες
1901 970 2002 1029 νῦν
2051 967 2225 1042 ὑμεῖς
2274 965 2351 1030 de
2397 985 2512 1030 suo
2558 962 2756 1045 ὥσπερ

359 1068 674 1136 inserere?
738 1069 1052 1151 Quoniam
1099 1072 1452 1135 rectissime
1502 1072 1741 1137 dicitur
1789 1074 1856 1147 ἡν
1901 1074 1954 1137 01
2005 1070 2303 1148 ἡγεμόνες
2360 1108 2441 1119 -
2494 1071 2755 1148 διαγνώ-

359 1200 490 1255 μας
563 1176 928 1260 ποιήσησθε,
999 1172 1344 1241 Graeculos
1413 1198 1606 1242 suum
1673 1174 1872 1258 ὥσπερ
1940 1183 2038 1241 νῦν
2103 1179 2279 1255 ὑμεῖς
2340 1178 2464 1243 sibi
2519 1177 2753 1244 habere

361 1283 750 1347 iubebimus.

449 1388 522 1453 In
569 1388 708 1455 loco
753 1408 877 1454 non
925 1388 1227 1454 dissimili
1275 1388 1391 1453 III.
1450 1388 1558 1455 53.
1608 1390 1668 1454 ἓν
1717 1389 2001 1462 δικαςαῒς
2047 1391 2155 1454 οὐκ
2195 1390 2272 1455 ἂν
2312 1388 2529 1463 ἄλλοις
2574 1388 2757 1466 δεξά-

358 1518 524 1573 μενοι
591 1492 814 1580 [ὥσπερ
875 1494 980 1559 καὶ
1051 1494 1262 1581 ἐσμέν]
1329 1493 1614 1573 γενέσθαι
1677 1496 1711 1571 ἡ
1776 1497 1917 1573 ὑμῖν
1980 1496 2485 1561 Herwerdenum
2550 1496 2753 1561 habeo

360 1603 872 1667 consentientem.
971 1599 1220 1678 Sensit,
1287 1602 1539 1687 opinor,
1605 1623 1799 1687 quam
1856 1602 2053 1668 stulte
2100 1600 2420 1679 δεξάμενοι
2468 1601 2753 1681 γενέσθαι

359 1709 714 1772 arctissime
761 1709 1097 1773 coniuncta
1137 1714 1350 1773 assuto
1396 1706 1512 1773 illo
1556 1729 1763 1793 panno
1814 1708 2293 1775 divellerentur:
2345 1712 2542 1774 sensit
2582 1709 2755 1773 idem

360 1832 554 1898 quam
624 1812 864 1877 insulse
932 1813 1086 1878 haec
1157 1818 1365 1878 essent
1432 1814 1697 1879 adiecta.
1793 1814 2017 1879 Nonne
2081 1819 2299 1879 autem
2360 1812 2753 1899 reliquorum

358 1919 645 1985 locorum
693 1919 915 1985 eadem
962 1938 1218 2004 prorsus
1261 1922 1426 1984 ratio
1471 1916 1606 1984 est?
1653 1920 1800 2006 Ipse
1846 1921 2166 1986 iudicato:
2670 1938 2680 1943 ’

910 2026 976 2089 αἱ
1025 2022 1308 2104 δεύτεραί
1352 2050 1481 2099 πως
1529 2025 1843 2107 φροντίδες
1892 2027 2258 2107 σοφώτεραι.

453 2131 555 2197 Ad
615 2132 777 2197 hanc
832 2130 1042 2197 lucem
1091 2130 1432 2219 diligenter
1477 2131 1826 2197 videndum
1867 2138 1963 2198 est
2011 2132 2165 2218 quid
2210 2134 2297 2197 sit
2342 2132 2753 2199 statuendum

363 2238 442 2303 de
509 2237 648 2303 loco
719 2240 786 2302 in
855 2234 972 2303 lib.
1036 2236 1130 2303 VI
1190 2237 1299 2303 21.
1361 2238 1466 2303 καὶ
1531 2238 1677 2317 πρὸς
1743 2238 1967 2319 ἄνδρας
2028 2239 2367 2317 τολμηροὺς
2418 2236 2597 2323 [οἵους
2645 2241 2750 2305 καὶ

362 2344 749 2429 Ἀθηναίους]
819 2347 959 2419 τοὺς
1030 2346 1534 2421 άντιτολμῶντας
1603 2344 2102 2424 χαλεπωτάτους
2176 2344 2532 2427 φαίνεσθαι.
2628 2346 2754 2412 Pro

361 2453 578 2536 inepto
640 2452 750 2516 καί
805 2451 1214 2539 Thucydides
1275 2450 1539 2516 dixisset
1595 2447 1919 2517 οῖουσΠΕΡ
1970 2451 2354 2528 Ἀθηναίους,
2408 2453 2517 2516 sed
2564 2472 2753 2518 nemo

363 2578 487 2624 non
533 2560 753 2624 statim
804 2560 1091 2646 agnoscit
1139 2556 1282 2637 πρὸς
1325 2555 1546 2637 ἄνδρας
1586 2556 1925 2634 τολμηρούς
1968 2556 2043 2621 de
2079 2556 2575 2623 Atheniensibus
2605 2560 2749 2624 dici.

455 2664 622 2731 Aliis
665 2665 822 2730 locis
867 2665 1377 2730 additamentum
1424 2663 1596 2729 idem
1645 2665 1713 2727 in
1760 2665 2051 2750 margine
2100 2666 2195 2728 est
2240 2666 2605 2748 appositum
2644 2669 2755 2729 aut

367 2769 434 2833 in
505 2769 744 2836 scholio
814 2773 1174 2836 continetur
1235 2768 1439 2836 veluti
1497 2767 1608 2834 III.
1677 2767 1765 2832 40
1824 2773 1853 2832 ὁ
1918 2769 2043 2848 γὰρ
2105 2771 2194 2846 μὴ
2241 2768 2349 2844 ξὺν
2397 2769 2649 2850 ἀνάγκη
2692 2794 2753 2835 τι

368 2877 571 2941 παθὼν
615 2879 1054 2959 χαλεπώτερος
1104 2875 1425 2956 διαφυγὼν
1471 2879 1578 2940 τοῦ
1625 2875 1753 2940 άπὸ
1800 2883 1911 2949 τῆς
1960 2875 2093 2950 ἴσης
2140 2875 2373 2955 ἐχθροῦ.
2419 2875 2485 2939 in
2524 2872 2757 2940 Codice

367 2981 669 3048 Vossiano
730 2984 1124 3068 adscriptum
1173 2989 1299 3047 est:
1348 2985 1426 3052 ὥς
1473 2988 1576 3046 νῦν
1623 2983 1673 3046 οἱ
1726 2983 2019 3055 άθηναῖοι.
2068 2980 2166 3045 Ad
2214 2980 2324 3045 IV.
2375 2979 2483 3046 86.
2533 2981 2753 3061 άπάτη

365 3088 492 3169 γαρ
565 3090 861 3170 εὐπρεπεῖ
917 3087 1164 3168 αἴσχιον
1225 3097 1350 3160 τοῖς
1414 3112 1492 3166 γε
1559 3089 1620 3151 ἐν
1682 3086 1995 3164 ἀξιώματι
2058 3095 2503 3160 πλεονεκτῆσαι
2553 3087 2586 3162 ἡ
2636 3087 2756 3170 βία

366 3196 660 3274 ἐμφανεῖ.
749 3193 1105 3261 Scholiasta
1167 3200 1462 3261 annotat:
1512 3201 1637 3265 τοῖς
1687 3193 1813 3272 γάρ
1861 3195 1924 3257 ἐν
1974 3191 2267 3271 δυνάμει,
2316 3195 2543 3276 φησίν,
2592 3189 2754 3258 οὖσιν

366 3298 623 3379 ὥσπερ
688 3303 931 3380 ἐσμὲν
989 3304 1225 3380 ἡμεῖς
1275 3299 1522 3383 αἴσχιόν
1570 3301 1662 3368 ἒςι
1714 3304 1856 3377 μετ’
1904 3297 2160 3374 ἀπάτης
2210 3301 2549 3378 εὐπρεποῦς
2602 3301 2757 3374 κτὴ·

366 3407 596 3472 σασθαί
654 3431 716 3472 τι
778 3407 926 3488 ἥπερ
987 3406 1419 3487 βιασαμένοις.
1484 3405 1584 3470 Ad
1642 3404 1749 3471 IV.
1823 3403 1975 3472 126.
2028 3405 2067 3469 5
2114 3399 2199 3476 οἷς
2249 3405 2311 3469 δὲ
2358 3405 2644 3484 βεβαίως
2694 3427 2757 3471 τι

367 3513 652 3595 πρόσεςιν
719 3514 978 3590 ἀγαθόν.
1050 3514 1308 3580 additur
1377 3515 1444 3578 in
1510 3515 1804 3600 margine
1878 3509 2075 3588 ὥσπερ
2150 3512 2314 3589 ἡμῖν.
2388 3516 2453 3575 et
2520 3514 2756 3577 iterum

367 3621 642 3686 ibidemz
693 3620 832 3685 οὔτε
882 3621 1008 3700 γαρ
1058 3619 1234 3698 τάξιν
1283 3619 1533 3699 ἔχοντες
1583 3621 1971 3698 αἰσχυνθεῖεν
2014 3617 2092 3682 ἂν
2135 3625 2339 3683 λιπεῖν
2364 3617 2505 3682 τινα
2526 3615 2756 3699 χώραν.

367 3724 756 3793 Scholiasta:
807 3725 850 3791 ὦ
867 3751 1019 3791 σπε
1035 3750 1064 3806 ρ
1119 3729 1358 3804 ἡμεῖς
1409 3726 1462 3790 οἱ
1511 3724 1988 3802 Λακεδαιμόνιοι
2037 3722 2330 3797 δηλονότι.
2383 3724 2481 3789 Ad
2508 3723 2622 3791 IV.
2650 3721 2759 3791 92.

369 3829 494 3906 ὅςις
558 3837 642 3900 τὰ
709 3835 823 3912 μὲν
885 3833 1105 3899 ἑαυτοῦ
1169 3829 1341 3918 ἔχει,
1405 3839 1511 3898 τοῦ
1577 3833 1849 3904 πλείονος
1921 3829 1981 3896 δὲ
2047 3827 2401 3910 ὀρεγόμενος
2450 3831 2595 3896 ἑκών
2644 3854 2760 3896 τινι

370 3939 708 4024 ἐπέρχεται
775 3945 1115 4006 annotatur
1175 3941 1244 4003 in
1289 3941 1617 4027 margine:
1667 3935 1866 4018 ὥσπερ
1914 3939 1965 4004 οἱ
2013 3939 2319 4014 άθὴναῖοι,
2374 3937 2483 4002 sed
2528 3939 2597 4001 in
2642 3938 2761 4003 hac

367 4049 506 4132 ipsa
570 4050 848 4114 oratione
902 4046 1022 4112 hoc
1070 4047 1284 4131 ipsum
1332 4045 1879 4129 additamentum,
1926 4049 2003 4109 ut
2040 4043 2360 4119 vidimus,
2410 4043 2763 4111 insinuavit

369 4173 435 4217 se
481 4155 550 4217 in
598 4159 887 4220 textum:
933 4159 1058 4223 τοῖς
1108 4152 1309 4223 πέλας
1364 4149 1594 4236 [ὥσπερ
1640 4151 1947 4223 Ἀθηναῖοι
1996 4151 2128 4234 νῦν]
2178 4147 2471 4223 ἐπιόντες.

465 4255 780 4325 Similiter
837 4257 918 4323 11.
987 4255 1093 4323 39.
1159 4257 1272 4322 ubi
1320 4255 1600 4322 Pericles
1644 4257 1739 4320 ita
1787 4255 1971 4321 dicit:
2025 4256 2131 4320 οὐκ
2181 4253 2305 4325 lem
2354 4249 2455 4319 ὅτε
2504 4253 2764 4333 ξενηλα-

375 4363 538 4436 σίαις
597 4364 976 4445 άπείργομέν
1039 4387 1177 4429 τινα
1245 4362 1278 4440 ἡ
1330 4362 1706 4441 μαθήματος
1758 4360 1791 4437 ἡ
1839 4360 2154 4442 θεάματος
2201 4363 2269 4426 in
2318 4363 2608 4450 margine
2656 4383 2765 4430 an-

373 4473 666 4536 notatum
713 4471 997 4539 videbis:
1047 4467 1244 4551 ὥσπερ
1290 4466 1791 4548 Λακεδαιμόνιοι.
