3369 5142
559 266 645 346 ¹72
1547 287 1969 347 rnucrnmas.

557 490 626 531 ac
673 466 928 553 debiles,
974 486 1251 551 namque
1293 468 1410 531 soli
1456 470 1713 553 tyranni
1759 470 1829 531 in
1875 465 2097 531 Sicilia
2146 464 2447 554 (Gelonos
2495 468 2563 530 et
2608 458 2947 550 Hierones)

563 574 820 659 magnis
865 575 1092 660 opibus
1138 571 1482 659 pollebant.

657 780 947 869 Thucyd.
1006 781 1055 846 Ῑ.
1127 780 1231 848 18.
1291 782 1394 847 καὶ
1441 782 1651 861 ὀλίγον
1700 783 1812 860 μὲν
1856 781 2066 863 χρόνον
2112 779 2460 859 ξυνέμεινεν
2512 782 2545 855 ἦ
2599 777 2954 857 ὄμαιχμία.

565 886 665 952 Ex
722 886 844 953 hoc
900 887 1039 953 loco
1104 893 1170 953 et
1213 889 1440 953 multis
1480 888 1807 954 similibus
1854 888 2179 953 emendari
2224 893 2431 973 potest
2477 886 2655 951 locus
2701 883 2959 969 Thucy—

569 993 734 1059 didis
789 993 870 1058 ῙῙ.
937 992 1003 1059 2.
1058 993 1334 1075 τέσσαρα
1393 1032 1468 1043 —-
1515 995 1618 1060 καὶ
1672 994 1821 1059 δέκα
1871 994 1977 1068 ἔτη
2026 994 2412 1071 ἘΝέμειναν
2461 993 2527 1057 αἱ
2580 989 2959 1069 τριακοντού-

567 1122 695 1171 τεις
743 1100 1018 1165 σπονδαί.
1112 1101 1312 1166 Plane
1359 1100 1652 1166 abhorret
1700 1122 1736 1165 a
1774 1102 2088 1165 sententia
2126 1100 2391 1166 verbum
2434 1097 2752 1182 ἐμμένειν,
2790 1096 2959 1181 quod

570 1226 717 1269 cum
774 1205 1009 1271 dativis
1071 1208 1367 1292 componi
1427 1207 1587 1272 solet
1653 1206 1934 1284 ἐμμένειν
1992 1216 2069 1288 τῇ
2119 1209 2317 1283 πίε-ει,
2367 1210 2493 1276 τοῖς
2545 1202 2766 1284 ὅρκοις,
2815 1211 2955 1275 ταῖς

569 1311 926 1389 συνθήκαις,
993 1320 1134 1385 ταῖς
1193 1314 1482 1385 σπονδαῖς
1547 1318 1611 1378 et
1667 1316 1811 1377 sim.
1878 1315 1989 1378 ubi
2053 1316 2196 1398 quis
2238 1313 2430 1396 fldem
2470 1333 2740 1387 servare,
2778 1315 2959 1393 pacto

569 1424 731 1481 stare
791 1424 857 1482 et
917 1420 1060 1483 sim.
1128 1418 1380 1483 dicitur.
1477 1418 1601 1483 Sed
1647 1418 1980 1496 συμμένειν
2028 1420 2105 1484 de
2152 1422 2233 1483 iis
2280 1420 2570 1504 ponitur,
2621 1437 2781 1502 quae
2829 1422 2961 1479 οια-

569 1522 720 1586 bilia
765 1531 902 1587 emat
949 1528 1030 1593 et,
1051 1526 1415 1608 perdurant,
1467 1527 1498 1599 ἡ
1547 1526 1775 1606 φιλία,
1817 1527 1848 1598 ἦ
1892 1527 2096 1599 wls-14,
2136 1526 2201 1589 αἱ
2244 1523 2497 1589 σπονδαὶ
2526 1522 2961 1601 ξυμμένουσιν.

571 1627 715 1694 Non
756 1651 899 1696 raro
945 1636 1162 1696 autem
1209 1631 1377 1717 apud
1423 1629 1868 1717 Thucydidem
1915 1635 1980 1694 et
2028 1630 2195 1716 apud
2242 1629 2401 1695 alios
2450 1630 2509 1693 ἐν
2553 1628 2681 1716 (ἐγ)
2726 1665 2808 1676 -
2856 1648 2961 1690 συν

573 1737 754 1825 (συγ)
811 1775 887 1785 -
937 1735 1043 1814 ξυν
1103 1736 1280 1821 (guy)
1333 1737 1550 1802 locum
1597 1740 1763 1801 inter
1810 1756 1875 1801 se
1924 1742 2197 1801 mutant.
2246 1743 2320 1800 ut
2366 1735 2416 1800 Ῑ.
2471 1733 2622 1801 120.
2673 1732 2793 1799 ὅσοι
2846 1734 2965 1813 μὲν

573 1841 906 1916 Ἀθηναίοις
958 1842 1064 1919 ἤδη
1114 1843 1637 1919 ἘΝαλλάγησαν
1689 1862 1800 1927 pro
1850 1840 2417 1920 ΞΤΝηλλάγησαν.

662 1946 813 2013 Sine
869 1948 1100 2013 mendo
1161 1950 1462 2014 scribitur
1519 1947 1625 2013 IV.
1697 1945 1804 2014 ¹74.
1868 1956 2119 2016 πλεῒςον
2175 1948 2246 2022 δὴ
2308 1947 2520 2029 χρόνον
2571 1945 2729 2020 αὕτη
2787 1949 2820 2022 ἦ
2880 1984 2959 1994 -·

572 2052 926 2132 μετάςασις
973 2052 1337 2133 ξυνέμεινεν.

668 2262 955 2351 Thucyd.
1031 2263 1080 2330 Ι.
1144 2263 1252 2330 20.
1325 2262 1718 2330 Harmodius
1783 2269 1847 2330 et
1907 2266 2307 2352 Aristogiton
2368 2263 2731 2344 βουλόμενοι
2800 2262 2963 2353 [πρὶν

577 2369 1038 2456 ξυλληφθῆναι]
1109 2369 1441 2451 δράσαντές
1507 2396 1566 2435 τι
1617 2372 1721 2435 καὶ
1773 2370 2149 2436 κινδυνεῦσαι
2194 2374 2278 2453 τῷ
2323 2372 2666 2453 Ἰππάρχῳ
2714 2396 2963 2451 περιτυ-

574 2479 798 2557 χόντες
847 2514 933 2526 ·—-
981 2475 1369 2541 ἀπέκτειναν.
1465 2475 1699 2543 Maneo
1755 2479 1825 2541 in
1874 2482 2088 2543 vetere
2134 2481 2446 2543 sententia
2495 2479 2629 2558 πρὶν
2679 2477 2966 2561 ξυλληφ-

578 2586 745 2659 θῆναι
814 2585 1068 2650 lectoris
1127 2605 1260 2650 esse
1321 2584 1832 2650 additamentum
1854 2631 1870 2661 ,
1926 2587 2037 2669 qui
2082 2587 2466 2651 meminerat
2511 2585 2639 2652 loci
2685 2588 2754 2650 in
2799 2584 2967 2651 libro

575 2690 683 2757 VI.
747 2689 849 2760 57.
917 2689 944 2756 ὃ
993 2692 1054 2756 δὲ
1102 2690 1414 2772 Ἁρμόδιος
1464 2689 1566 2754 καὶ
1618 2690 1645 2754 ὁ
1699 2688 2131 2769 ’Λριςογείτων
2190 2727 2272 2739 --
2321 2692 2397 2764 ὡς
2448 2688 2613 2757 εἶδόν
2660 2715 2798 2756 τινα
2850 2697 2967 2756 τῶν

578 2798 933 2877 ξυνωμοτῶν
995 2798 1174 2879 σφίσι
1238 2795 1677 2874 διαλεγόμενον
1736 2795 1961 2866 οἰκείως
2027 2797 2112 2877 τῷ
2162 2798 2381 2881 Ἱππία
2436 2835 2513 2844 -—
2568 2797 2807 2863 ἔδεισαν
2855 2797 2961 2862 καὶ

581 2902 867 2983 ἐνόμισαν
928 2901 1322 2980 μεμηνῦσθαί
1381 2925 1450 2965 τε
1514 2902 1617 2965 καὶ
1675 2896 1809 2967 ὅσον
1856 2904 1963 2966 οὐκ
2012 2901 2123 2977 ἤδη
2172 2901 2739 2986 ξυλληφθήσεσθαι.
2837 2901 2965 2968 Sed
3062 2977 3069 2985 ⁸

579 3013 910 3095 utriusque
971 3009 1096 3073 loci
1141 3027 1266 3073 non
1314 3012 1410 3072 est
1455 3008 1675 3072 eadem
1726 3011 1907 3073 ratio.
2004 3007 2218 3089 Quum
2266 3009 2445 3076 nullo
2493 3011 2643 3075 dum
2690 3010 2966 3075 facinore

577 3120 936 3203 perpetrato
1009 3115 1511 3180 coniurationem
1573 3115 1957 3199 patefactam
2022 3136 2155 3181 esse
2222 3119 2521 3200 putarent
2589 3115 2964 3180 metuebant

579 3245 658 3288 ne
718 3224 940 3288 statim
983 3221 1495 3305 prehenderentm·
1540 3226 1603 3285 et
1649 3223 1719 3285 in
1763 3220 2021 3287 vincula
2068 3223 2332 3286 coniecti
2379 3223 2446 3286 in
2493 3221 2807 3286 iudicium
2858 3219 2966 3285 ad-

584 3329 980 3394 ducerentur.
1046 3325 1419 3392 Maluerunt
1463 3328 1670 3414 igitur
1716 3325 2050 3406 δράσαντές
2099 3349 2158 3390 τι
2208 3325 2585 3394 κινδυνεύειν.
2632 3325 2965 3392 Sententia

559 3440 680 3523 ¹est
723 3434 922 3500 ferme
968 3432 1188 3498 eadem
1237 3452 1396 3517 quae
1446 3435 1514 3496 in
1559 3432 1959 3498 nobilissimo
2004 3431 2383 3497 Homerico:

861 3613 866 3617 ,
949 3541 1037 3617 μὴ
1084 3538 1214 3616 μάν
1259 3538 1526 3603 ἀσπουδί
1571 3560 1651 3616 γε
1699 3537 1803 3601 καὶ
1851 3539 2112 3609 ἀκλειῶς
2162 3538 2510 3617 ἀπολοίμην

941 3646 1117 3710 ἀλλά
1165 3643 1342 3722 μέγα
1389 3641 1565 3724 ῥέξας
1615 3667 1674 3708 τι
1724 3642 1829 3708 καὶ
1880 3641 2253 3722 ἐσσομένοισι
2307 3646 2619 3711 πυθέσθαι.

631 3753 781 3820 flat
840 3753 1124 3819 sciebant
1182 3753 1241 3815 si
1303 3748 1750 3837 Hipparchum
1812 3749 2187 3816 occidissent
2250 3757 2488 3817 certam
2554 3754 2679 3818 sibi
2742 3773 2963 3820 necem

580 3881 714 3930 esse
783 3863 1067 3945 paratam
1089 3908 1106 3932 ,
1177 3875 1302 3921 non
1371 3855 1628 3921 vincula
1647 3902 1664 3935 ,
1730 3876 1940 3941 neque
2009 3857 2357 3935 iudicium,
2426 3859 2537 3924 sed
2600 3879 2724 3925 non
2770 3859 2963 3925 inulti

578 3969 782 4052 perire
842 3964 1241 4029 maluerunt:
1306 3974 1494 4045 atque
1551 3963 1645 4025 ita
1708 3961 1949 4027 factum
2012 3967 2108 4027 est
2124 3983 2142 4040 ;
2209 3965 2425 4029 statim
2479 3985 2516 4030 a
2560 3968 2819 4051 tyranni
2866 3986 2963 4030 sa-

577 4071 894 4139 tellitibus
976 4067 1256 4134 confossi·
1327 4072 1492 4132 sunt.
1587 4065 1760 4132 Hinc
1829 4067 2261 4156 intelligimus
2326 4071 2464 4151 πρὶν
2531 4071 2962 4155 ξυλληφθῆναι

577 4183 796 4246 contra
839 4176 1162 4260 scriptoris
1210 4176 1589 4240 sententiam
1639 4195 1772 4240 esse
1820 4175 2131 4240 additum.
2538 4190 2547 4199 ·

661 4387 955 4490 Thucyd.
1019 4386 1072 4454 Ι.
1135 4388 1244 4455 21.
1321 4386 1426 4455 καὶ
1493 4386 1578 4457 τὰ
1627 4387 1841 4457 πολλοὶ
1894 4387 2008 4456 ὑπὸ
2058 4388 2275 4472 χρόνον
2323 4390 2525 4457 αὐτῶν
2569 4391 2807 4468 ola-lewe
2858 4392 2959 4460 ἐπὶ
