3369 5142
1400 328 1784 378 commotum.
2638 306 2769 378 265

396 504 529 573 οὐδὲ
598 505 659 572 ἓν
730 506 1007 572 καινὸν
1074 501 1585 583 εὑρίσκουσιν
1654 500 2030 568 Xenarchus
2097 508 2163 568 et
2227 506 2318 569 sic
2390 524 2606 570 omnes
2674 503 2764 570 lo-

395 620 697 703 quuntur.

487 828 727 894 Eadem
772 823 1091 911 particula
1135 821 1433 909 displicet
1476 821 1708 888 Athen.
1760 822 1822 887 11
1864 846 1928 909 p.
1979 821 2063 889 36
2109 824 2200 889 F:

842 930 1007 997 οὐδέν
1053 932 1121 1008 γ’
1170 927 1309 993 ἔοικ’
1359 926 1673 1008 ἄνθρωπος
1723 928 1850 1011 οἴνῳ
1898 930 2007 1003 τὴν
2049 931 2270 1011 Φύσιν,

402 1048 467 1109 et
536 1040 797 1107 malim:
886 1038 1051 1103 οὐδὲν
1120 1034 1221 1115 ἄρ’
1292 1034 1436 1101 ἔοικ’
1510 1033 1866 1121 ἅνθρωπος,
1938 1058 2061 1122 quo
2129 1058 2314 1103 sensu
2384 1060 2444 1103 v.
2474 1060 2528 1104 c.
2597 1037 2765 1123 apud

401 1147 893 1233 Aristophanem
940 1150 1069 1211 est:
1120 1142 1283 1208 οὐδὲν
1329 1140 1451 1221 ἄρα
1500 1144 1726 1222 γρίφου
1777 1143 2052 1224 διαφέρει
2100 1144 2474 1222 Κλεώνυμος.
2550 1143 2769 1229 Sequi-

402 1260 510 1320 tur
549 1253 714 1340 apud
751 1250 1155 1318 Meinekium
1191 1272 1252 1336 Ρ.
1300 1248 1428 1314 519
1472 1248 1766 1315 Alexidis
1801 1250 2238 1337 fragmentum
2272 1251 2439 1337 quod
2460 1250 2766 1318 Stobaeus

401 1362 677 1427 servavit
724 1358 891 1425 Ποῖ.
945 1356 1053 1422 68.
1104 1358 1181 1421 2:

761 1466 854 1538 τίς
906 1461 1046 1539 3238·
1098 1464 1381 1541 ὑγιαίνων
1429 1468 1561 1528 νοῦν
1604 1462 1666 1526 τ’
1717 1462 1877 1544 ἔχων
1924 1472 2135 1546 τολμᾷ
2184 1489 2332 1530 ποτε

758 1580 993 1650 γαμεῖν
1048 1568 1722 1649 διαπραξάμενος
1772 1567 1984 1643 ἥδιον
2031 1570 2204 1647 Bion

401 1681 586 1763 Quod
629 1677 991 1745 Meinekius
1034 1678 1282 1743 invenit
1329 1675 1489 1756 ᾔθεον
1537 1673 1671 1750 βίον
1692 1724 1711 1759 ,
1759 1675 1827 1740 id
1873 1674 2151 1742 Gobetus
2198 1678 2488 1761 probavit
2521 1676 2768 1744 Mnem.

401 1784 579 1853 XIII.
647 1782 813 1864 4263
880 1783 988 1849 sed
1036 1781 1349 1867 quomodo
1397 1780 1712 1845 laboranti
1760 1786 1964 1846 metro
2009 1782 2490 1849 succurramus?
2533 1784 2772 1851 Scribit

406 1892 681 1960 Cobetus
723 1894 960 1956 inserto
1008 1888 1306 1954 articulo:
1356 1888 1489 1952 τὸν
1540 1883 1688 1969 &Se
1708 1911 1783 1951 ον
1827 1887 1996 1967 βίονς
2049 1893 2144 1954 est
2188 1890 2308 1955 hoc
2353 1910 2500 1956 sane
2538 1890 2772 1957 melius

406 2020 595 2087 quam
666 1996 980 2063 Meinekii
1041 1992 1649 2074 προδιαπραξοὶμενος
1672 2044 1691 2079 ,
1753 1993 1861 2059 sed
1920 2015 2046 2060 non
2109 2016 2400 2081 assequor
2456 1997 2771 2083 quomodo

405 2106 671 2174 verbum
734 2098 1207 2179 διαπράξασθαι
1255 2100 1359 2165 hic
1406 2106 1575 2166 recte
1624 2102 1771 2185 poni
1818 2104 2034 2186 possit.
2129 2099 2219 2166 Ut
2263 2104 2332 2166 in
2379 2106 2619 2170 incerta
2663 2125 2768 2183 re,

401 2213 789 2303 praeferam:
836 2206 1519 2287 διαγραψιίμενος
1566 2208 1669 2271 τὸν
1720 2204 1898 2289 ᾔθεον
1941 2207 2096 2285 βίον.

402 2319 667 2386 Dictum
730 2322 825 2382 est
883 2311 1366 2395 διαγράψασθαι
1390 2364 1406 2389 ,
1468 2334 1592 2400 quo
1652 2335 1840 2380 sensu
1887 2312 2374 2396 διαγράψασθαι
2423 2317 2535 2391 τῆν
2583 2341 2772 2392 κατη-

400 2425 611 2507 γορίαν
660 2423 896 2489 dicitur
940 2425 1049 2508 qui
1095 2424 1567 2510 tergiversatur.

491 2635 845 2763 Parvulum
884 2633 1185 2700 mendum
1228 2639 1323 2698 est
1358 2635 1427 2697 in
1468 2631 1761 2698 Alexidis
1799 2635 2009 2699 verbis
2033 2654 2133 2720 ap.
2157 2633 2335 2701 Stob.
2359 2635 2523 2702 Flor.
2555 2634 2662 2701 30.
2689 2635 2766 2701 8:

1369 2737 1495 2812 οςις
1544 2735 1755 2814 ἥδεται
1803 2763 1927 2820 γαρ
1974 2738 2194 2805 ἐσθίων

946 2845 1267 2926 ὁσημέραι,
1320 2845 1419 2910 δει
1458 2870 1563 2909 και
1612 2853 1878 2910 ποιεῖν
1925 2852 2042 2909 τῶν
2088 2849 2294 2912 σιτίων

943 2949 1195 3029 έποὶξιόν
1246 2977 1343 3026 τι,

406 3068 517 3131 nbi
580 3061 952 3130 commendo
999 3065 1197 3124 πονεῖν
1213 3107 1231 3137 ,
1280 3057 1594 3144 quomodo
1641 3058 2150 3145 frequentissime
2199 3066 2446 3126 erratur
2461 3109 2479 3145 ,
2528 3082 2655 3148 qua
2696 3062 2775 3128 de

402 3193 470 3238 re
514 3190 714 3256 nuper
758 3168 891 3232 dixi
937 3165 1014 3231 ad
1060 3165 1321 3232 Novum
1368 3162 1872 3229 Testamentum.
1920 3163 2210 3250 Denique
2257 3165 2399 3231 ΜΚ.
2446 3187 2508 3252 p.
2559 3167 2727 3232 524:

763 3274 833 3337 τὸ
883 3271 1290 3352 παναρμόνιον
1335 3271 1405 3335 τὸ
1459 3269 1659 3334 καινὸν
1708 3266 1954 3334 ἔντεινον
2002 3278 2342 3352 τεχνῶν,

405 3387 502 3450 uti
566 3384 869 3458 arbitror,
929 3375 1380 3445 verosimiliter
1444 3377 1520 3442 ab
1582 3375 1847 3443 Alexide
1905 3379 2215 3464 scriptum
2261 3379 2388 3444 fuit
2430 3379 2686 3461 τρέχω
2707 3405 2770 3458 ν,

402 3489 569 3576 quod
633 3488 785 3575 quid
846 3490 967 3563 sit,
1034 3506 1111 3551 ex
1174 3483 1591 3568 Aristophane
1655 3489 1882 3548 notum
1945 3490 2041 3549 est
2097 3487 2206 3569 qui
2251 3488 2346 3550 ita
2391 3485 2555 3552 dixit
2597 3487 2771 3553 Nub.

407 3595 537 3662 780
602 3601 664 3661 et
738 3591 914 3658 1164
976 3597 1039 3656 et
1097 3591 1244 3656 Pac.
1312 3588 1475 3665 259;
1539 3590 1765 3655 itidem
1811 3589 2000 3656 Plato
2047 3587 2346 3723 Gemicus
2392 3612 2489 3677 ap.
2540 3593 2769 3658 Athen.

404 3701 521 3769 XV.
568 3723 631 3786 p.
680 3698 809 3764 665
856 3697 946 3762 Β.

853 3804 918 3868 τί
965 3803 1031 3866 οὐ
1077 3801 1313 3882 τρέχων
1357 3800 1435 3866 σὺ
1483 3824 1603 3872 τας
1649 3800 1965 3883 τραπέζας
2012 3801 2320 3884 ἐκφέρεις-ς

499 4013 845 4082 Antidotus
906 4009 1208 4078 Comicus
1270 4032 1367 4098 ap.
1433 4012 1663 4076 Athen.
1727 4011 1759 4076 I
1818 4033 1877 4098 Ρ.
1941 4011 2032 4078 ’28
2090 4013 2146 4079 Ε
2192 4012 2501 4081 Thasium
2548 4016 2774 4082 vinum

401 4122 656 4188 laudat:

1655 4223 1882 4291 Θάσιον
1933 4223 2113 4305 ἔγχει
2160 4224 2201 4265 ⁸¹
2245 4225 2286 4266 ⁸¹
2328 4226 2369 4267 ⁸

681 4331 709 4400 ὃ
758 4333 883 4414 γὰρ
930 4331 1007 4398 ἂν
1052 4332 1219 4410 λαβ
1235 4331 1267 4399 ό
1283 4357 1313 4396 ν
1360 4355 1479 4408 μου
1526 4331 1884 4414 καταφάγῃ
1929 4333 2038 4406 τὴν
2083 4332 2373 4414 καρδίαν,

685 4436 834 4506 ὅταν
878 4438 998 4506 πίω
1045 4435 1246 4517 τοῦτ’,
1296 4434 1479 4512 εὐθὺς
1530 4438 1708 4517 ὑγιὴς
1756 4439 2066 4517 γίγνεται.

2415 4557 2478 4610 17
