3369 5142
557 292 646 361 80
1535 316 1957 367 monuimus.

565 486 754 570 ἔσχον
814 486 984 553 κατὰ
1032 488 1102 553 τὸ
1151 488 1490 562 Μενδήσιον
1538 487 1718 569 κέρας
1768 490 1877 554 οὐκ
1930 495 2303 554 eleTec
2353 494 2472 555 τῶν
2518 484 2953 568 γεγενημένων

533 594 746 680 οὐδέν.
794 593 859 658 II
900 592 1006 659 91.
1059 596 1125 659 αἱ
1173 592 1287 673 μέν
1338 619 1496 667 τινες
1545 602 1662 659 τῶν
1714 601 1853 659 νεῶν
1902 595 2185 660 καθεῖται
2225 594 2344 667 τὰς
2384 598 2596 668 κώπας
2636 594 2953 668 ἐπέςησαν

561 704 668 765 τοῦ
716 704 875 765 πλοῦ
921 697 1278 781 ἀξύμφορον
1326 709 1745 766 ΔΡΩΝΤΕΕ
1793 700 1937 781 πρὸς
1986 704 2098 777 την
2139 700 2207 779 ἐξ
2246 701 2461 779 ὀλίγου
2487 696 2949 781 ἀντεξόρμησιν.

561 805 656 872 III
706 804 856 872 110.
906 807 1144 885 πέμπει
1193 806 1364 879 εὐθὺς
1409 812 1516 872 τοῦ
1563 812 1788 888 ςρατοῦ
1837 806 2015 888 μέρος
2062 833 2122 873 τι
2174 809 2289 881 τας
2341 808 2506 882 ὁδοὺς
2556 810 2948 888 προλοχιοῦν·

562 934 679 984 τας
730 912 833 976 καὶ
881 913 966 977 τὰ
1018 914 1288 994 καρτεροὶ
1344 913 2035 994 προκαταληψομένους.

652 1016 1046 1083 Simillimus
1104 1019 1257 1084 huie
1318 1020 1494 1085 loeus
1553 1025 1649 1085 est
1710 1020 1760 1085 Ι.
1827 1020 1934 1085 52.
1984 1022 2050 1084 αἱ
2100 1019 2389 1085 Ἀττικαὶ
2438 1017 2766 1100 τριάκοντα
2819 1026 2953 1092 νῆες

561 1125 666 1188 καὶ
741 1130 858 1188 τῶν
926 1125 1300 1205 Κορκυραίων
1370 1121 1508 1189 δ’σαι
1583 1124 1839 1202 πλόϊμοι
1902 1122 2055 1199 ἦσαν
2120 1124 2516 1189 ἐπέπλευσαν
2583 1124 2684 1189 ἐπὶ
2736 1127 2839 1189 τὸν
2894 1124 2953 1188 ἐν

565 1228 862 1307 Συβότοις
927 1229 1157 1307 λιμένα
1211 1268 1292 1279 ——-
1339 1230 1745 1311 βουλόμενΟῙ
1794 1231 2013 1297 εἰδέναι
2061 1233 2113 1297 εἶ
2162 1231 2696 1311 ναυμαχήσουσιν.
2792 1229 2955 1296 Her·

562 1335 814 1400 werden
871 1336 1088 1419 paullo
1147 1337 1416 1402 calidius
1461 1335 1861 1416 βουλόμενΑΙ
1912 1338 2283 1422 substituit,
2333 1338 2501 1424 quod
2549 1336 2701 1402 ferri
2746 1341 2957 1421 posset

562 1442 619 1505 si
679 1441 758 1507 de
816 1441 1176 1508 Phaeacum
1238 1444 1508 1509 navibus
1571 1449 1899 1532 ageretur:
1968 1446 2031 1508 οὐ
2083 1444 2210 1524 γαρ
2257 1445 2311 1509 οἱ
2361 1443 2635 1513 Φαίακες
2685 1444 2836 1507 ἀλλ’
2883 1442 2953 1506 αἱ

563 1552 697 1619 νῆες
745 1550 947 1613 αὐτῶν
995 1548 1176 1626 μόναι
1226 1549 1366 1621 τοὺς
1414 1550 1635 1619 τόπους
1680 1550 1999 1626 ἧπίςαντο.
2042 1548 2254 1615 Schol.
2296 1549 2375 1615 ad
2415 1547 2641 1635 Odyss.
2688 1547 2769 1613 N.
2802 1545 2952 1612 113.

969 1654 1160 1719 αὐταὶ
1208 1656 1336 1735 γὰρ
1383 1654 1554 1720 ἴσασι
1604 1656 1889 1734 νοήματα
1940 1655 2044 1719 καὶ
2093 1654 2323 1736 Φρένας
2374 1653 2613 1735 ἀνδρῶν.

654 1759 882 1848 Odyss.
931 1769 985 1825 Θ
1039 1760 1190 1825 559.

653 1864 906 1931 Addam
979 1868 1242 1932 tertium
1315 1867 1684 1953 exemplum
1756 1889 1831 1933 ex
1896 1867 2062 1934 libro
2130 1865 2237 1932 IV.
2304 1866 2408 1932 26.
2477 1872 2593 1932 τῶν
2660 1872 2800 1931 νεῶν
2844 1867 2952 1931 οὐκ

563 1971 834 2053 ἐχουσῶν
885 1969 1062 2052 ὅρμον
1110 1982 1194 2037 AI
1244 1973 1359 2049 μὲν
1406 1980 1574 2038 σῖτον
1621 1974 1683 2037 ἐν
1730 1983 1807 2056 τῇ
1854 1984 1941 2057 γῇ
1994 1976 2231 2055 ᾑροῦντο
2273 1972 2445 2039 κατὰ
2492 1972 2711 2057 μέρος,
2756 1981 2843 2037 ΑΙ
2889 1970 2950 2035 δὲ

561 2078 846 2157 μετέωροι
912 2077 1159 2160 ὥρμουν.
1255 2078 1464 2160 Quid?
1527 2100 1622 2145 an-
1667 2101 1861 2146 naves
1921 2086 2109 2145 cibum
2170 2079 2480 2163 capiebant
2522 2080 2713 2164 idque
2763 2079 2826 2142 ἐν
2872 2086 2948 2159 τῇ

570 2181 700 2266 γῇῗ
745 2183 1045 2250 Rescribe
1091 2184 1272 2251 sodes
1317 2186 1368 2249 οἱ
1416 2185 1530 2263 μὲν
1577 2224 1662 2235 —-
1714 2187 1764 2250 οἱ
1813 2184 1899 2251 δέ.

649 2290 894 2356 Eodem
940 2290 1131 2356 modo
1177 2290 1285 2356 IV.
1337 2290 1445 2358 73.
1493 2294 1544 2356 οἱ
1591 2291 1897 2365 Ἀθηναῖοι
1950 2329 2030 2341 -
2084 2287 2398 2372 ἡσύχαζον
2442 2327 2522 2340 —-
2566 2287 2949 2371 λογιζόμενοι

565 2396 696 2482 [καὶ
763 2398 814 2461 οἱ
879 2397 1116 2461 ἐκείνων
1173 2398 1502 2484 ςρατηγοί]
1552 2400 1641 2476 μη
1690 2398 2037 2464 οὶντίπαλον
2084 2394 2235 2462 εἶναι
2284 2397 2464 2481 σφίσι
2513 2397 2616 2461 τὸν
2664 2396 2947 2462 κίνδυνον.

563 2501 883 2568 Tenemus
929 2503 1340 2568 manifestum
1389 2503 1741 2583 emblema,
1793 2504 2085 2570 additum
2124 2505 2203 2569 ab
2249 2524 2323 2569 eo
2348 2506 2608 2590 quinon
2633 2502 2947 2569 sentiebat

557 2611 625 2675 id
692 2613 904 2696 ipsum
969 2611 1038 2674 in
1102 2611 1410 2684 Ἀθηναῖοι
1472 2613 1697 2677 inesse.
1790 2610 2102 2676 Similiter
2158 2609 2271 2675 111.
2323 2609 2386 2678 4.
2433 2611 2483 2676 οἱ
2532 2611 2839 2684 Ἀθηναῖοι
2878 2609 2944 2674 οὖ

559 2718 722 2782 πολὺ
773 2715 976 2796 ὕςερον
1024 2717 1626 2791 καταπλεύσαντες,
1673 2718 1752 2790 ὥς
1803 2718 2023 2802 ἑώρων,
2071 2719 2483 2795 ἀπήγγειλαν
2524 2719 2638 2796 μὲν
2677 2718 2760 2800 [οἱ
2801 2738 2947 2798 τρα-

556 2823 763 2910 τηγοὶ]
824 2823 908 2886 τὰ
957 2820 1385 2898 ἐπες-αλμένα.

648 2927 974 2995 Contrario
1011 2948 1217 2993 errore
1263 2949 1456 3012 quam
1503 2931 1572 2993 in
1619 2950 1813 3014 quem
1862 2928 2325 3005 Herwerdenus
2372 2949 2439 2994 se
2477 2929 2689 2994 induit
2734 2928 2947 2993 editur

557 3032 672 3099 IV.
753 3031 856 3099 71.
925 3034 992 3096 αἱ
1057 3033 1120 3098 δὲ
1178 3041 1295 3099 τῶν
1345 3034 1684 3116 Μεγαρέων
1734 3036 1950 3106 ςοέσεις
1997 3034 2412 3114 φοβούμενΛῙ
2462 3036 2513 3098 οἱ
2561 3035 2672 3111 μὲν
2721 3035 2809 3110 μη
2861 3072 2943 3083 -

556 3139 781 3211 αὐτοὺς
844 3139 1121 3219 ἐκβάλῃ,
1189 3142 1239 3204 οἱ
1305 3140 1365 3204 δὲ
1430 3145 1516 3217 μη
1571 3181 1652 3190 -
1705 3138 1987 3217 ἐπίθηται
2052 3141 2284 3221 σφίσιν.
2381 3138 2803 3205 Manifestum
2849 3144 2949 3203 est

553 3245 968 3326 ΦοβούμενΟΙ
1033 3267 1072 3310 a
1133 3244 1508 3334 Thucydide
1571 3269 1705 3314 esse
1762 3251 2069 3334 seriptum
2120 3252 2185 3312 et
2230 3244 2423 3310 simul
2471 3247 2731 3329 apparet
2776 3243 2945 3310 unde

555 3355 640 3416 sit
686 3356 910 3416 uatum
959 3353 1218 3417 vitium.

644 3457 884 3522 Eodem
934 3457 1124 3525 modo
1173 3460 1221 3521 οἱ
1271 3459 1573 3538 ςρατηγοί
1616 3461 1830 3544 inepte
1876 3457 2329 3543 interpolatum
2379 3441 2475 3522 est
2521 3455 2633 3521 IV.
2684 3455 2792 3520 46.
2836 3454 2943 3520 καὶ

553 3563 781 3634 αὐτοὺς
849 3562 907 3632 ἐς
970 3564 1082 3637 την
1149 3571 1320 3637 νῆσον
1371 3567 1450 3646 [οἱ
1492 3565 1825 3650 ςρατηγοὶ]
1875 3567 1983 3637 την
2034 3562 2325 3644 ΠτυχΙαν
2380 3564 2440 3635 ἐς
2488 3563 2780 3645 φυλακην
2828 3562 2944 3627 διε-

555 3668 818 3746 κόμισαν
887 3668 1314 3740 ὑποσπόνδους.
1377 3675 1441 3735 et
1488 3668 1593 3734 IV.
1649 3671 1801 3736 132.
1852 3671 2192 3749 Περδίκκας
2246 3671 2400 3756 [τοῖς
2448 3675 2566 3734 τῶν
2614 3668 2945 3742 Ἀθηναίων

553 3775 917 3860 ςρατηγοῒς]
988 3775 1612 3869 ἐπικηρυκευσάμενος
1680 3776 2019 3854 ὁμολογίαν
2069 3785 2337 3841 ποιεῖται
2387 3777 2530 3857 πρὸς
2578 3775 2720 3847 τοὺς
2770 3776 2945 3849 Ἀθη-

554 3880 790 3952 ναίους,
852 3880 920 3944 id
983 3886 1111 3957 est,
1178 3889 1251 3945 ut
1309 3885 1567 3968 opinor,
1631 3882 1777 3962 πρὸς
1824 3885 1962 3952 τοὺς
2011 3890 2127 3948 τῶν
2177 3881 2509 3954 Ἀθηναίων
2555 3882 2945 3964 ςρατηγούς,

555 3991 620 4051 et
669 3985 1073 4051 manifestam
1119 3986 1674 4072 interpolationem
1726 3995 2035 4054 tenemus.

645 4193 938 4281 Thucyd.
981 4192 1031 4258 Ι.
1073 4193 1175 4259 50.
1220 4204 1462 4261 πολλῶν
1500 4197 1626 4279 γὰρ
1674 4205 1813 4264 νεῶν
1862 4201 2047 4264 οὐσῶν
2091 4197 2457 4282 ἀμφοτέρων
2503 4237 2584 4246 -
2624 4201 2690 4263 οὐ
2731 4197 2943 4280 ῥᾳδίως

553 4303 665 4376 την
706 4299 1035 4378 διάγνωσιν
1083 4301 1386 4366 ἐποιοῦντο
1448 4303 1660 4388 [ὁποῖοι
1711 4304 1999 4383 ἐκράτουν
2050 4310 2081 4380 ἢ
2132 4304 2544 4389 ἐκρατοῦντο].
2637 4304 2938 4389 Ineptum

551 4409 721 4474 hune
783 4425 1064 4490 pannum
1131 4408 1552 4474 exsecandam
1615 4431 1751 4477 esse
1800 4431 2015 4476 omnes
2033 4460 2050 4489 ,
2097 4417 2172 4477 ut
2212 4413 2467 4498 opinor,
2512 4411 2939 4476 consentiunt.
