3369 5142
624 273 754 342 378
1679 295 1920 347 eloneo,

718 471 877 537 Tem
922 468 1337 534 menifestum
1385 466 1706 534 emblema
1753 469 2002 536 tamdiu
2049 468 2310 538 tolerari
2357 464 2676 554 potuisse!
2729 466 3014 534 Tandem

626 576 949 664 Pluygers
988 574 1317 660 expunxit.

717 786 793 853 In
842 788 874 873 5
924 786 1044 852 40:
1094 787 1237 852 haec
1283 789 1491 852 omnia
1538 809 1633 852 me
1678 787 2002 872 diliyenter
2047 809 2355 874 severeque
2395 799 2679 852 acturum
2718 807 2840 852 esse
2877 786 3017 873 pol·

632 895 831 959 lic-eor.
904 892 1037 972 Quo
1095 916 1192 959 me
1246 895 1493 958 tandem
1553 895 1764 958 animo
1816 893 1966 979 sore
2018 896 2267 981 putatis
2311 895 2368 957 ei
2415 895 2568 980 quid
2609 895 2676 957 in
2723 892 2831 958 hoc
2877 895 3013 980 ipso

628 1003 853 1066 iudicio
900 999 1247 1065 intellexero
1294 998 1487 1062 simili
1528 998 1744 1084 aliqua
1792 1001 2030 1064 ratione
2075 1021 2196 1064 esse
2245 1037 2326 1046 —
2377 997 2816 1064 commissum?

718 1105 1066 1191 Expedivit
1110 1105 1491 1170 sententiam
1538 1104 1902 1170 scribendo:
1947 1105 2088 1170 baec
2127 1107 2336 1171 omnia
2375 1122 2437 1172 sl
2474 1127 2570 1170 me
2596 1142 2678 1152 —
2697 1103 3012 1191 polliceor,

633 1236 753 1300 quo
799 1235 894 1278 me
940 1213 1189 1277 tandem
1235 1214 1444 1276 animo
1480 1210 1629 1296 sore
1666 1209 1960 1299 putatis?
2007 1215 2128 1276 cet.

723 1423 799 1488 In
844 1424 881 1508 ᾖ
925 1422 1050 1488 41:
1098 1425 1156 1488 si
1198 1424 1359 1488 enim
1406 1423 1633 1488 iudicia
1669 1423 1844 1489 nulla
1881 1425 2006 1488 sint
2043 1435 2289 1490 tantum
2322 1448 2810 1515 unumquemque
2843 1427 3016 1493 abla-

635 1544 849 1597 turum
914 1529 1198 1615 [putant]
1248 1541 1551 1616 quantum
1594 1529 1715 1594 sibi
1753 1553 1825 1594 ac
1869 1530 2073 1595 liberis
2118 1533 2246 1596 suis
2292 1534 2446 1597 satis
2491 1555 2612 1598 esse
2655 1535 3014 1600 arbitretur.

726 1635 1005 1702 Transiit
1088 1636 1156 1700 in
1224 1655 1443 1701 eorum
1512 1637 1892 1702 sententiam
1916 1682 1932 1714 ,
2001 1638 2114 1721 qui
2170 1650 2406 1724 putant
2476 1637 2816 1706 delendum
2883 1661 3020 1706 esse

636 1747 1032 1811 censuerunt.

729 1956 802 2022 In
850 1959 886 2042 ξ
934 1953 1052 2021 48:
1094 1967 1411 2043 postremo
1456 1977 1563 2040 eqo
1608 1991 1699 2003 —-
1743 1955 2044 2019 eiusmodi
2083 1975 2209 2031 res,
2251 1954 2344 2019 ita
2380 1967 2560 2020 notas
2579 2003 2595 2034 ‚
2635 1959 2728 2022 ita
2767 1969 3020 2025 testatas

645 2066 768 2152 [ita
836 2063 1169 2150 megnasJ,
1242 2063 1334 2126 ita
1402 2061 1772 2147 manifestas
1831 2059 2199 2147 proferam,
2257 2073 2328 2125 ut
2385 2085 2558 2128 nemo
2619 2089 2660 2127 a
2723 2066 2889 2130 vobis
2949 2078 3021 2130 ut

640 2175 831 2238 istum
876 2169 1203 2235 absolvatis
1239 2190 1360 2255 per
1399 2168 1677 2253 qratiam
1723 2177 1971 2231 conetur
2014 2168 2377 2232 contendere.

731 2275 940 2342 Eiecit
984 2277 1077 2339 ita
1124 2296 1384 2358 maynas
1402 2319 1417 2350 ,
1468 2272 1636 2357 quod
1682 2291 1938 2358 prorsus
1985 2291 2022 2336 a
2067 2271 2194 2337 loci
2234 2276 2548 2340 sententie
2585 2275 2864 2343 alienum
2903 2284 3020 2344 est.

730 2485 807 2550 In
854 2488 891 2570 ξ
939 2483 1057 2550 51:
1106 2487 1177 2549 id
1218 2506 1292 2548 ne
1334 2486 1571 2548 accidat
1619 2497 1690 2549 tu
1727 2522 1832 2562 —,
1872 2483 1994 2547 Μ’.
2045 2481 2336 2562 Glabrio,
2369 2490 2911 2577 potesprovidere.
2939 2525 3020 2536 —

645 2595 771 2659 Fac
817 2594 931 2658 tibi
968 2604 1269 2680 paternae
1318 2592 1463 2676 leyis
1518 2589 1820 2678 [Aciliae]
1877 2594 2076 2656 veniat
2121 2594 2188 2656 in
2231 2604 2509 2658 mentem.

737 2699 1155 2785 Perineptum
1202 2697 1711 2763 additamentum
1760 2700 2151 2786 expung-enti
2197 2699 2358 2763 mihi
2403 2700 2727 2767 calculum
2775 2704 3026 2771 adiecit.

985 2929 1271 2977 Acmoms
1320 2927 1647 2977 §mmmm
1692 2928 1760 2975 m
1807 2928 1862 2977 Ο.
1911 2928 2171 2977 VERREM
2215 2928 2406 2979 121131312
2449 2932 2708 2982 PRIMUS.

737 3131 813 3197 In
860 3131 896 3215 ξ
943 3125 1065 3192 833
1116 3126 1270 3212 quid
1285 3123 1314 3187 ,9
1362 3126 1419 3189 si
1460 3125 1656 3199 doce0,
1707 3124 1763 3186 si
1797 3124 2066 3210 planum
2093 3123 2269 3209 facio
2306 3136 2448 3190 teste
2487 3126 2728 3193 homine
2767 3153 3032 3216 nequam

647 3260 857 3304 verum
907 3238 993 3300 ad
1037 3234 1193 3298 hanc
1238 3254 1367 3297 rem
1415 3243 1619 3295 tamen
1664 3232 1878 3294 idoneo
1891 3276 1908 3307 ‚
1961 3242 2017 3293 te
2060 3232 2195 3316 ipso
2213 3276 2229 3306 ‚
2278 3232 2534 3315 inquam
2549 3278 2566 3308 ‚
2605 3245 2754 3298 teste
2779 3234 3021 3321 [doceo]

646 3357 704 3410 te
766 3343 948 3407 huius
1004 3338 1509 3405 circumsessionis
1557 3347 1698 3401 mae
1743 3358 1992 3400 causam
2037 3346 2094 3400 et
2138 3335 2382 3422 culpam
2429 3338 2495 3399 in
2539 3336 2694 3401 alios
2743 3352 3028 3407 transtu-

680 3455 691 3469 “
796 3450 826 3501 ‘2

643 3454 821 3621 22⁸⁸ss
865 3552 1048 3619 libris
1094 3556 1189 3617 est
1233 3551 1447 3616 docebo
1462 3574 1485 3626 ,·
1542 3546 1796 3613 Ernesti
1843 3549 2018 3612 doceo
2063 3544 2379 3631 reposuit:
2429 3544 2752 3631 aliquanto
2791 3552 3026 3619 melius

650 3664 965 3749 Pluygers
1012 3659 1224 3724 docebo
1271 3656 1529 3723 delevit.

745 3872 819 3942 In
883 3874 918 3957 ξ
969 3870 1134 3936 123:
1207 3871 1292 3934 P.
1372 3869 1703 3935 Trebonius
1761 3870 1926 3933 viros
1984 3867 2169 3933 bonos
2227 3881 2286 3933 et
2348 3870 2626 3937 honestos
2692 3875 3033 3963 complures

655 3986 805 4071 fecit
852 3980 1130 4045 heredes:
1178 3979 1243 4041 in
1290 3978 1366 4039 iis
1416 3973 1614 4059 [fecit]
1666 3997 1847 4037 suum
1892 3973 2199 4039 libertum.

746 4088 988 4155 Vitiose
1037 4082 1361 4151 abundans
1397 4082 1553 4168 fecit
1593 4079 1861 4167 expulit.

750 4302 823 4366 In
870 4300 907 4382 ξ
956 4294 1124 4361 146:
1188 4296 1405 4382 quibus
1452 4296 1525 4359 de
1569 4294 1774 4359 bonis:
1812 4295 2081 4382 pupilli,
2129 4298 2300 4361 cuius
2345 4308 2605 4362 aetatem
2651 4310 2708 4363 et
2753 4300 3035 4366 solitudi-

660 4432 795 4476 nem
817 4454 833 4484 ,
918 4406 1105 4468 etiam
1183 4404 1239 4465 si
1308 4414 1537 4465 tutores
1606 4423 1729 4466 non
1796 4415 2021 4479 essent,
2093 4404 2414 4489 defendere
2474 4416 2736 4493 praetor
2805 4408 3028 4471 debuit.
