3369 5142
681 322 812 392 148
1629 342 2060 391 mmmmm·

675 514 854 592 ἴσμεν
903 509 1346 594 θαυμαζόμενα
1399 516 1574 580 Stad.
1623 515 1807 580 Thac.
1846 515 2251 600 requirebam
2286 520 2431 601 post
2468 513 2726 583 τλείςου
2764 512 3063 579 additum

676 630 948 691 πλεῖςον.
1011 618 1224 685 Hodie
1269 641 1418 687 vero
1463 623 1673 687 nescio
1722 642 1801 685 an
1848 620 2050 686 Thuc.
2100 641 2173 685 eo
2220 642 2405 686 sensu
2452 621 2723 687 scribere
2770 619 3065 685 debuerit

677 727 778 793 δια
841 727 1094 795 πλείςου
1158 726 1456 812 (μάλιςα)
1501 728 1629 791 κτὲ.
1680 725 1779 792 Of.
1826 726 2161 793 Taciteum
2208 726 2375 795 illud
2418 744 2621 793 ΜΑΙΟΒ
2665 752 2697 791 c
2742 727 3063 811 lonqinquo

676 840 1028 899 reverentia.

768 939 862 1005 VI
912 938 1017 1004 12.
1066 938 1125 1003 εἴ
1163 963 1234 1003 τε
1281 963 1375 1011 τις
1425 937 1644 1020 ἄρχειν
1678 936 1943 1015 ἄσμενος
1982 937 2237 1019 αἱρεθεὶς
2277 945 2569 1019 παραινεῖ
2602 938 2747 1017 ὑμῖν
2784 938 3059 1015 ἐκπλεῖν,

672 1048 742 1112 τὸ
792 1048 1010 1111 ἑαυτοῦ
1059 1044 1237 1122 μόνον
1283 1052 1561 1121 σκοπῶν,
1611 1044 1823 1117 ἄλλως
1870 1069 1943 1110 τε
1990 1043 2095 1110 καὶ
2149 1044 2421 1126 νεώτερος
2476 1042 2565 1110 ἔτι
2614 1046 2691 1110 ὢν
2734 1045 2795 1118 ές
2840 1044 2910 1110 τὸ
2950 1043 3061 1123 ἅρ-

669 1175 844 1233 χειν,
909 1146 1068 1223 ὅπως
1115 1148 1458 1231 θαυμασθῇ
1505 1150 1660 1228 μέν,
1710 1150 1813 1214 διὰ
1862 1151 1923 1216 δὲ
1972 1151 2382 1216 πολυτέλειαν
2428 1150 2555 1215 ozor&
2604 1157 2716 1223 τῆς
2768 1152 3057 1233 ἱπποτρο-

672 1258 830 1337 Φίας
893 1258 1074 1340 (haec
1139 1259 1262 1321 tria
1319 1256 1630 1322 vocabula
1691 1256 1857 1321 lecta
1918 1262 2060 1341 post
2115 1256 2230 1333 μὲν
2277 1263 2447 1322 recte
2493 1257 2621 1322 huo
2668 1258 3061 1342 transposuit

672 1364 988 1447 Badham)
1033 1362 1137 1428 καὶ
1184 1365 1469 1445 ὦφεληθῇ
1512 1387 1570 1429 τι
1616 1364 1684 1429 ἐκ
1725 1372 1834 1439 τῆς
1872 1365 2072 1444 ἀρχῆς
2095 1411 2112 1440 ,
2154 1364 2311 1440 μηδὲ
2350 1364 2544 1445 τούτῳ
2592 1363 3059 1443 ἕμπαροὲσχητε

673 1471 756 1551 τῷ
824 1478 934 1543 τῆς
1008 1469 1243 1542 πόλεως
1315 1468 1559 1549 κινδύνῳ
1621 1469 1746 1553 ἰδία
1813 1469 2357 1549 έλλαμπρύνεσθαι
2422 1474 2599 1555 (quia
2658 1469 3059 1557 iungendum

675 1573 1138 1657 ἐμπαρασχητε
1171 1612 1252 1624 -
1277 1574 1524 1655 κινδύνῳ
1570 1576 1676 1641 hic
1724 1575 1971 1653 malim,
2022 1580 2097 1641 ut
2134 1575 2293 1641 olim
2332 1576 2724 1663 significavi,
2767 1574 3060 1653 λαμπρύ-

676 1684 908 1764 νεσθαι)
936 1731 952 1759 ,
1019 1682 1317 1758 νομίσατε
1380 1681 1440 1747 δὲ
1503 1682 1642 1753 τοὺς
1704 1681 2002 1755 τοιούτους
2052 1682 2138 1746 τοὶ
2185 1682 2299 1758 μὲν
2347 1681 2610 1759 δημόσιοι
2660 1682 2921 1760 α’δικεῒν,
2970 1682 3061 1747 τὰ

672 1788 724 1853 δ’
785 1787 913 1855 ἴδια
962 1791 1263 1863 ἀναλοῦν,
1316 1787 1420 1852 καὶ
1469 1789 1538 1853 τὸ
1588 1792 1868 1868 πρᾶγμα
1916 1787 2093 1867 μέγα
2141 1783 2296 1854 εἶναι
2344 1790 2449 1854 καὶ
2500 1790 2587 1867 μὴ
2637 1784 2753 1854 οἷον
2802 1785 3061 1870 νεωτέρῳ

672 1899 867 1980 (recte
905 1895 1224 1982 Pluygers
1263 1894 1604 1982 νεωτέρους)
1645 1894 2113 1973 βουλεύσασθαί
2143 1920 2214 1959 τε
2255 1895 2359 1960 καὶ
2387 1894 2565 1971 ὀξέως
2590 1894 3059 1974 μεταχειρίσαι.

674 2000 770 2075 οὓς
834 2002 954 2078 ἐγὼ
1018 2002 1156 2080 ὁρῶν
1216 2004 1315 2064 νῦν
1374 1998 1584 2064 ἐνθοίδε
1630 2001 1730 2080 τῷ
1781 2002 1993 2080 αὐτῷ
2042 1999 2271 2080 (Badh.
2321 2000 2593 2083 τοιούτῳ)
2642 2002 2805 2081 ἀνδρὶ
2854 2023 3057 2077 παρα-

675 2107 1042 2179 κελευςοὺς
1107 2105 1208 2191 (Β.
1261 2144 1344 2153 -
1393 2106 1540 2193 τὰς)
1609 2106 1983 2182 καθημένους
2040 2106 2405 2187 Φοβοῦμαι,
2456 2108 2559 2174 καὶ
2610 2116 2738 2181 τοῖς
2786 2109 3059 2189 πρεσβυ-

673 2214 859 2295 τέροις
903 2212 1552 2291 αντιπαρακελεύομαι
1593 2214 1680 2291 μὴ
1730 2214 2299 2294 καταισχυνδῆναι,
2349 2213 2408 2279 εί
2439 2213 2523 2297 τῴ
2572 2240 2666 2287 τις
2711 2211 3058 2290 παρακάθ-

677 2344 822 2396 ηται
894 2318 1116 2391 τῶνδε,
1188 2316 1382 2392 ὅπως
1445 2320 1552 2397 μὴ
1611 2317 1842 2404 (Badh.
1906 2314 2048 2405 ὅτῳ)
2112 2316 2304 2394 δόξει,
2370 2320 2476 2384 ἐὰν
2544 2321 2634 2397 μῆ
2694 2320 3054 2402 ψηφίζηται

673 2433 1006 2504 πολεμεῖν,
1056 2426 1345 2502 μαλακὸς
1395 2420 1582 2501 εἶναι,
1635 2423 1779 2502 μηδ’
1830 2421 1973 2506 ὅπερ
2012 2424 2103 2489 ἂν
2144 2424 2295 2509 (del.
2345 2425 2454 2512 B.)
2506 2425 2680 2492 αὐτοὶ
2740 2424 3055 2493 πάθοιεν

674 2534 778 2617 (Β.
845 2532 1109 2618 παθεῖν),
1173 2530 1510 2611 δυσέρωτας
1557 2526 1714 2597 εἶναι
1764 2537 1877 2596 τῶν
1928 2531 2205 2598 ἁπάντων
2253 2533 2383 2598 κτὲ.
2475 2532 2786 2619 Pleraque
2824 2533 3059 2600 horum

672 2649 808 2707 tam
855 2640 1182 2706 evidenter
1227 2640 1497 2703 correxit
1541 2637 1832 2703 Badham
1856 2689 1871 2714 ,
1918 2642 1995 2702 ut
2038 2641 2109 2702 in
2154 2643 2407 2705 textum
2454 2643 2592 2707 eius
2644 2643 3060 2707 correctiones

675 2749 1014 2814 admittere
1083 2765 1206 2810 non
1271 2745 1580 2809 dubitem.
1677 2743 1861 2823 Quod
1922 2764 2071 2810 vero
2129 2744 2303 2809 idem
2363 2766 2491 2812 una
2549 2746 2747 2811 litura
2792 2745 3063 2812 delenda

674 2857 885 2919 censet
953 2851 1180 2917 verba:
1249 2849 1354 2914 καὶ
1418 2852 1488 2913 τὸ
1554 2853 1833 2927 πρᾶγμα
1899 2850 2077 2928 μέγα
2142 2846 2293 2915 εἶναι
2344 2851 2449 2916 καὶ
2497 2854 2585 2929 μὴ
2636 2846 2749 2917 οἷον
2798 2851 3059 2934 νεωτέρῳ

672 2956 1138 3038 βουλεύσασθαί
1205 2980 1273 3019 τε
1346 2955 1448 3020 καὶ
1523 2954 1699 3030 ὀξέως
1768 2956 2210 3037 μεταχειρίσαι
2275 2977 2539 3022 monens
2596 2979 2671 3022 ne
2724 2959 3059 3024 senioribus

669 3065 905 3152 quidem
965 3063 1206 3126 Niciam
1269 3084 1390 3124 rem
1451 3061 1733 3124 committi
1791 3063 1942 3125 velle
2000 3063 2106 3124 sed
2148 3083 2404 3145 prorsus
2464 3062 2696 3149 omitti,
2745 3083 2819 3128 ea
2861 3064 3059 3130 verba

668 3169 944 3237 colorem
1003 3169 1241 3233 habent
1302 3166 1394 3231 ita
1455 3187 1710 3251 prorsus
1772 3165 2269 3252 Thucydideum
2290 3215 2307 3250 ‚
2372 3173 2446 3230 ut
2494 3167 2717 3234 tollere
2763 3189 2889 3235 non
2936 3190 3051 3234 au·
3096 3207 3105 3216 ·

671 3277 886 3358 deam,
936 3294 1085 3339 cum
1132 3272 1502 3358 praesertim
1540 3272 1789 3336 nullam
1830 3291 2086 3338 causam
2124 3278 2424 3356 exputem
2450 3277 2605 3338 satis
2629 3274 3048 3360 probabilem,

669 3405 782 3450 cur
841 3381 1074 3467 aliquis
1141 3379 1218 3444 de
1275 3398 1390 3443 suo
1435 3381 1757 3444 insereret.
1854 3376 2021 3442 Cum
2068 3379 2284 3442 tamen
2329 3381 2665 3446 verissima
2709 3382 2796 3445 sit
2841 3383 3047 3446 critici

669 3487 868 3574 Angli
913 3485 1299 3560 observatiO,
1345 3482 1693 3548 videndum
1742 3503 1821 3546 an
1868 3484 1938 3548 τὸ
1987 3486 2263 3560 πρᾶγμα
2310 3503 2435 3549 non
2482 3489 2617 3550 tam
2663 3491 2903 3570 spectet
2946 3487 3049 3572 ip-

669 3616 806 3660 sam
876 3591 1342 3675 expeditionem
1361 3639 1377 3672 ,
1450 3609 1642 3672 quam
1706 3586 2227 3654 deliberationem
2288 3588 2365 3654 de
2426 3589 2543 3655 illa
2604 3593 2673 3656 in
2744 3594 3045 3658 comitiis.

668 3699 916 3781 Nolite,
976 3697 1222 3780 inquit,
1288 3694 1506 3760 audire
1572 3693 1887 3760 eiusmodi
1950 3694 2274 3759 homines:
2340 3717 2438 3760 ree
2498 3697 2675 3762 nimis
2712 3705 2920 3779 yram}
2964 3711 3057 3764 εει

668 3803 977 3886 momenti,
1025 3823 1130 3864 nec
1177 3801 1322 3864 tacis
1367 3807 1434 3862 ut
1478 3801 1913 3864 adulescentuli
1956 3801 2029 3862 de
2076 3823 2145 3864 ea
2198 3801 2538 3866 consultare
2590 3825 2826 3890 eamque
2886 3812 3056 3872 acute
3108 3853 3118 3862 .

671 3936 740 3976 ao
813 3911 1137 3993 prudenter
1215 3913 1476 3969 tractare
1529 3911 1779 3988 possint.
1894 3903 2083 3984 Quali
2154 3911 2467 3973 sententia
2537 3915 2725 3994 aptus
2794 3917 3055 3995 paratur

673 4017 975 4083 transitus
1037 4013 1116 4077 ad
1176 4013 1520 4096 sequentia.
1579 4010 1725 4076 Non
1770 4014 1979 4098 magis
2026 4012 2427 4096 probaverim
2476 4015 2763 4081 eiusdem
2808 4019 3053 4084 coniec—

672 4131 886 4189 turam
947 4121 1156 4205 prima
1212 4117 1374 4182 facie
1436 4119 1785 4201 speciosam
1833 4117 2311 4197 παρακελευςας
2361 4140 2473 4205 pro
2521 4123 3049 4201 παρακελευςούς.

677 4227 956 4314 „Atqui”
1018 4225 1228 4308 inquit
1275 4223 1565 4288 Badham
1622 4225 1795 4305 „sine
1840 4222 2201 4288 Alcibiadis
2246 4225 2675 4293 cohortatione
2722 4230 3051 4297 sedissent.

677 4338 906 4416 „Nunc
967 4337 1137 4398 certo
1199 4329 1459 4394 consilio
1521 4328 1774 4405 sedent,
1837 4349 2063 4414 nempe
2111 4335 2187 4394 ut
2232 4330 2557 4397 Alcibiadi
2602 4337 2895 4401 animum
2939 4335 3053 4401 ad-

676 4439 934 4523 „dant.'’
1028 4436 1172 4504 Non
1217 4455 1366 4500 sane
1411 4433 1778 4500 Alcibiades
1818 4455 1921 4502 eos
1970 4436 2331 4502 cohortatus
2379 4436 2586 4504 fuerat
2632 4447 2707 4505 ut
2740 4442 3052 4527 sederent,
