3369 5142
595 275 682 344 22
1590 293 1976 346 FRAGMENTA

592 466 1175 552 paroemiographis
1193 512 1208 542 ‚
1267 469 1379 550 qui
1426 470 1522 530 tot
1566 468 1955 530 comicorum
2002 463 2349 530 versiculos
2393 463 2573 528 nobis
2622 459 2973 526 servarunt.

595 569 743 636 Jam
784 573 960 650 παρὰ
1000 575 1206 651 κωφὸν
1242 571 1620 648 αἱποποιρδεῑν
1659 577 1755 636 est
1791 571 2027 636 locutio
2070 573 2170 636 ἐπ’
2210 567 2601 644 ἀναισθήτων
2637 569 2975 650 usurpata,

597 697 788 760 quam
860 677 1008 742 vide
1071 677 1239 762 apud
1301 675 1705 762 Hesychium
1728 727 1744 760 ,
1807 675 2115 742 Photium
2134 725 2150 754 ,
2217 676 2725 762 Diogenianum‚
2794 670 2974 736 alios.

599 779 740 846 Hoc
786 781 1115 868 intelligo:

825 889 890 952 οὐ
937 887 1143 964 μέντοι
1191 889 1367 968 vap&
1414 888 1620 966 κωφὸν
1667 888 1696 950 ὁ
1745 889 1985 968 τυφλὸς
2035 885 2174 952 ἔοικ’
2221 892 2506 952 ἄποτοι
2522 909 2551 966 ρ
2572 884 2757 948 δεῖν.

598 993 838 1059 Caecus
878 998 1003 1058 'est
1072 995 1182 1078 qui
1251 1014 1319 1058 se
1389 993 1599 1058 solum
1669 1014 1803 1058 esse
1871 995 2246 1070 arbitratum
2312 997 2531 1058 venter
2594 995 2806 1074 crepat
2864 1005 2979 1050 nec

597 1101 955 1184 suspicatur
1015 1120 1082 1164 se
1129 1099 1428 1182 cuiquam
1475 1099 1679 1164 facere
1726 1099 2181 1165 contumeliam
2200 1149 2217 1183 ‚
2267 1098 2519 1182 qualem
2568 1097 2825 1161 Amasis
2868 1112 2979 1156 rex

599 1205 767 1289 apud
814 1202 1214 1270 Herodotum
1261 1207 1463 1268 sciens
1509 1204 1690 1282 facit;
1744 1204 1922 1269 adest
1959 1208 2175 1268 autem
2214 1209 2437 1268 mutus
2474 1204 2583 1287 qui
2623 1221 2749 1266 non
2786 1199 2980 1264 sentit

599 1311 722 1374 sibi
786 1308 1244 1375 contumeliam
1305 1307 1440 1372 fieri
1485 1312 1701 1394 itaque
1746 1308 1911 1374 miro
1956 1330 2107 1374 casu
2156 1307 2227 1372 fit
2274 1309 2507 1394 injuria
2554 1327 2745 1391 quam
2792 1322 2981 1368 nemo

598 1416 793 1480 infert
839 1423 902 1480 et
946 1434 1135 1480 nemo
1181 1417 1446 1500 patitur.
1493 1413 1691 1480 Poeta
1726 1419 1944 1479 autem
1982 1413 2095 1480 ille
2133 1417 2393 1502 ignotus
2434 1413 2603 1498 apud
2643 1411 2981 1476 Cratinum

601 1523 828 1587 habuit
896 1518 1355 1585 Archilochum
1425 1519 1859 1584 adversarium
1882 1567 1897 1596 ,
1970 1519 2080 1604 qui
2150 1522 2452 1584 iniuriam
2526 1518 2603 1582 de
2670 1517 2985 1581 industria

599 1626 851 1692 illatam
915 1628 1218 1691 acerrime
1265 1625 1441 1689 ultus
1486 1631 1602 1690 est.
1697 1623 1867 1690 Satis
1914 1630 2010 1690 est
2054 1624 2356 1690 credibile
2404 1622 2767 1709 Cynulcum
2815 1619 2983 1707 apud

601 1733 1001 1798 Athenaeum
1021 1781 1040 1806 ,
1105 1751 1305 1816 quum
1371 1727 1616 1796 Cratini
1679 1730 1873 1797 verba
1932 1751 2121 1796 suum
2185 1733 2251 1795 in
2313 1750 2506 1795 usum
2554 1733 2947 1794 converteret
2966 1775 2983 1810 ,

599 1859 712 1923 pro
774 1836 1152 1916 οἱποποιρδεῖν
1197 1838 1598 1922 supposuisse
1644 1844 1945 1911 λαλῆσαι.
2040 1838 2141 1903 Ad
2185 1857 2417 1902 novam
2463 1835 2800 1901 lectionem
2862 1841 2987 1897 sta-

606 1943 951 2008 biliendam
1019 1942 1177 2008 alios
1237 1942 1408 2008 locos
1468 1941 1684 2008 afferre
1746 1942 1932 2008 facile
1994 1948 2123 2026 est,
2186 1943 2295 2008 sed
2342 1962 2543 2006 unum
2593 1939 2945 2006 adscribam
2967 1988 2981 2014 ‚

605 2051 755 2132 quia
799 2049 1122 2132 imprimis
1170 2045 1684 2113 accommodatus
1731 2052 1860 2124 est,
1908 2048 2229 2132 Aristoph.
2280 2046 2466 2132 Vesp.
2518 2044 2687 2110 394:

699 2156 802 2218 κού
848 2152 1092 2230 μήποτέ
1141 2175 1248 2216 σου
1294 2155 1468 2234 παρὰ
1517 2151 1634 2223 τὰς
1681 2151 1909 2224 κάννας
1958 2154 2287 2232 οὖρῆσομοοι
2337 2153 2460 2218 οὐδ’
2510 2149 2865 2232 ἀποπάρδω.

698 2363 1050 2428 Scholiasta
1120 2362 1200 2427 ad
1267 2363 1592 2448 Euripidis
1655 2362 1987 2429 Hecubam
2052 2363 2176 2429 821
2246 2366 2445 2430 tradit
2488 2364 2754 2432 Daedali
2802 2365 2987 2452 signa

609 2465 914 2535 κινεῖσθαι
961 2469 1064 2533 καὶ
1116 2468 1379 2550 προϊέναι
1427 2471 1671 2552 φωνήν,
1720 2470 1887 2555 quod
1934 2472 2157 2555 probat
2204 2472 2409 2536 tribus
2448 2470 2661 2536 allatis
2703 2473 2987 2536 testimo-

606 2578 763 2653 niis,
814 2575 1139 2660 Euripidis
1183 2577 1387 2661 ipsius
1432 2577 1500 2640 in
1547 2576 1936 2663 Eurystheo,
1984 2574 2231 2643 Cratini
2277 2578 2337 2642 ἐν
2388 2578 2704 2661 Θρᾴτταις
2743 2585 2809 2642 et
2842 2574 2987 2640 Pla-

606 2683 774 2747 tonis
821 2678 1089 2747 Comici.
1180 2681 1486 2765 Apposite
1530 2680 1857 2767 Euripidis
1902 2681 2079 2747 locus
2128 2682 2410 2757 affertur,
2460 2684 2743 2768 apposite
2790 2685 2987 2747 etiam

609 2787 901 2853 Platonis
921 2833 936 2862 ‚
986 2788 1097 2870 qui
1141 2788 1238 2849 ita
1284 2785 1564 2851 dixerat:

1153 2893 1384 2972 Ἑρμῆς
1432 2889 1639 2970 ἔγωγε
1690 2892 2007 2958 Δοοιδοὶλου
2053 2898 2259 2976 φωνὴν
2306 2892 2467 2975 ἔχων

1153 2995 1390 3073 ξύλινος
1437 2997 1706 3080 βαδίζων
1754 3000 2110 3077 αὐτόματος
2160 2997 2504 3083 ἐλήλυθω.,

610 3104 718 3171 sed
765 3100 1008 3168 Cratini
1052 3102 1230 3169 locus
1278 3110 1635 3187 portentose
1681 3113 2015 3192 corruptus
2061 3112 2189 3184 est,
2234 3112 2307 3171 ut
2341 3127 2455 3172 nec
2495 3111 2686 3191 caput
2723 3126 2839 3173 nec
2877 3126 2987 3191 pes

611 3214 927 3294 appareat.
1019 3208 1093 3273 In
1153 3211 1397 3294 optimo
1459 3208 1764 3277 Vaticano
1812 3209 2042 3277 Codice
2084 3210 2360 3278 Cobetus
2408 3212 2845 3299 fragmentum
2893 3215 2988 3277 in-

609 3316 787 3380 venit
831 3315 922 3379 sic
966 3315 1307 3399 scriptum:
1364 3316 1511 3379 ποινὶ
1562 3319 1750 3383 κοικὸν
1797 3316 1962 3395 δεῦρο
2007 3316 2295 3395 μοιςεύων
2332 3319 2474 3383 τίνοι
2512 3340 2661 3383 ποτε
2700 3322 2987 3398 χαλκοῦν

612 3420 646 3495 ἢ
717 3418 955 3495 ξύλινον
1023 3418 1130 3483 καὶ
1199 3420 1458 3501 χρύσεον
1529 3421 1674 3501 πρὸς
1748 3422 1818 3497 ἣν
1878 3422 2154 3499 οὐδαμῶς
2218 3421 2458 3497 ξύλινος
2524 3424 2741 3497 ἐκεῖνος
2806 3423 2984 3488 ἀλλὰ

608 3529 892 3605 χαλκοῦς
957 3524 1033 3587 ὢν
1080 3525 1316 3606 αἰπέδροι
1365 3526 1612 3604 πότερον
1660 3526 2003 3599 δαιδάλειος
2048 3524 2123 3602 ἦν
2170 3528 2203 3602 ἥ
2251 3552 2345 3601 τις
2396 3526 2729 3609 ἐξέκλεψεν
2775 3527 2983 3594 αὐτόν.

611 3630 970 3706 DobraeuS,
1034 3651 1225 3714 quem
1289 3631 1434 3697 vide
1483 3632 1651 3717 apud
1696 3632 2094 3697 Meinekium
2143 3655 2203 3718 p.
2258 3631 2344 3697 63
2364 3682 2381 3716 ,
2430 3636 2497 3697 in
2545 3635 2644 3699 his
2686 3635 2989 3700 monstris

611 3734 1018 3824 procurandis
1075 3736 1415 3801 infeliciter
1474 3742 1763 3803 versatus
1810 3744 1907 3803 est
1952 3740 2167 3822 itaque
2213 3738 2581 3805 Meinekius
2610 3789 2625 3817 ,
2674 3760 2872 3825 quum
2921 3740 2989 3803 in

612 3844 730 3910 tali
774 3843 912 3908 loco
961 3844 1176 3907 omnia
1220 3845 1461 3910 incerta
1507 3844 1664 3927 sint,
1714 3842 2026 3909 librorum
2072 3844 2375 3911 lectiones
2422 3849 2692 3911 retinere
2730 3846 2988 3911 maluit.

611 3950 850 4017 Scribit
918 3960 1132 4012 tamen
1199 3947 1631 4035 fragmentum
1693 3971 1827 4015 esse
1888 3951 2335 4028 memorabile,
2402 3953 2570 4035 quod
2616 3952 2987 4038 Eupolideis

609 4057 898 4124 versibus
949 4058 1167 4137 poetas
1211 4057 1484 4120 comicos
1529 4058 1726 4121 etiam
1770 4058 1841 4121 in
1888 4055 2192 4122 diverbiis
2236 4077 2382 4121 usos
2429 4078 2562 4122 esse
2608 4059 2755 4123 inde
2799 4058 2991 4123 intel-

608 4164 868 4249 ligatur.
964 4158 1201 4224 Verum
1272 4167 1608 4246 postquam
1670 4164 1739 4226 in
1802 4160 2105 4228 Vaticano
2172 4160 2400 4228 Codice
2461 4166 2799 4229 inventum
2862 4164 2987 4229 fuit

611 4268 943 4349 ἐξέκλεψεν
1003 4290 1130 4334 non
1179 4264 1436 4345 ἔκλεψεν
1461 4317 1477 4347 ,
1525 4288 1713 4333 nemo
1760 4268 1980 4353 opinor
2026 4270 2093 4333 in
2140 4274 2463 4353 posterum
2513 4269 2588 4333 de
2635 4267 2985 4354 Eupolideo

606 4382 813 4445 metro
859 4375 1207 4464 cogitabit,
1246 4394 1394 4439 nam
1433 4374 1740 4440 trochaici
1778 4377 2118 4463 septenarii
2156 4374 2330 4439 haud
2354 4374 2615 4439 obscure
2640 4374 2983 4460 pellucent.
