3369 5142
1324 331 1760 382 rnuornmn.
2599 311 2726 389 1¹77

350 503 644 580 Ἀττικήν
701 506 1205 589 occuparentque
1266 507 1409 569 tum
1466 502 1798 571 Deceliam
1813 552 1832 589 ,
1881 505 2050 572 unde
2095 510 2248 572 tunc
2292 527 2418 572 non
2465 506 2731 586 ἐσβολήν

350 610 460 676 sed
531 609 879 691 προσβολήν
940 609 1257 695 fecerunt,
1322 613 1436 675 aut
1499 616 1669 676 certe
1729 609 1934 676 facere
1991 615 2278 699 aggressi
2322 617 2471 678 sunt
2517 619 2736 680 contra

347 717 606 801 urbem,
653 719 871 802 itaque
910 715 1358 804 corrigendum
1404 711 1443 779 ὅ
1449 739 1535 780 τε
1583 717 2138 797 προσέβαλον,
2173 718 2280 785 vel
2319 720 2534 804 potius
2559 719 2736 808 (nam

350 843 569 888 omnes
629 820 785 888 libri
846 827 1097 908 praeter
1156 821 1545 888 Vaticanum
1607 822 1848 888 habent
1905 825 2354 910 imperfectum
2375 873 2394 910 ‚
2443 826 2612 911 quod
2658 826 2736 894 de

350 949 419 995 re
486 934 731 995 tentata
798 948 925 994 non
986 927 1207 994 effecta
1266 932 1381 994 aut
1435 928 1714 1013 perfecta
1770 928 2078 995 sollemne
2125 932 2249 1015 est)
2297 926 2334 995 δ’
2338 955 2418 996 τε
2469 955 2562 1012 πρ
2581 956 2608 997 o
2627 932 2738 996 σέ-

352 1035 698 1114 βαλλον.
768 1033 992 1121 Neque
1036 1037 1296 1101 omnino
1344 1033 1691 1114 ἐσβάλλειν
1740 1036 1882 1115 πρὸς
1933 1035 2113 1100 πόλιν
2160 1038 2374 1128 magis
2420 1034 2739 1106 Graecum

354 1147 452 1206 est
498 1161 694 1227 quam
742 1139 1165 1221 προσβάλλειν
1214 1142 1297 1213 εἷς
1346 1141 1577 1222 χώραν.

445 1245 613 1312 VIII
659 1243 747 1312 89
814 1247 895 1312 Οἱ
956 1246 1013 1311 δ’
1063 1247 1130 1312 ὲκ
1179 1253 1288 1322 τῆς
1340 1246 1561 1325 Σάμου
1611 1247 1738 1313 άπὸ
1786 1253 1902 1314 τῶν
1948 1247 2352 1330 τετρακοσίων
2404 1249 2742 1334 [πεμφθέν-

352 1356 489 1437 τες]
550 1351 841 1434 πρέσβεις
898 1351 1106 1430 ἐπειδὴ
1168 1352 1533 1436 άφικόμενοι
1586 1354 1648 1427 ἐς
1696 1355 1814 1426 τὰς
1868 1351 2146 1430 Ἀθήνας
2195 1357 2608 1434 ἀπήγγειλαν
2655 1358 2742 1422 τά

350 1459 529 1539 παρά
598 1464 707 1525 τοῦ
780 1459 1214 1538 Ἀλκιβιάδου.
1313 1459 1481 1542 Quia
1548 1459 1906 1540 πέμπεσθάι
1969 1461 2129 1526 άπό
2188 1485 2346 1534 τινος
2410 1483 2525 1549 pro
2596 1463 2744 1530 ὑπό

350 1589 508 1639 τινος
554 1586 745 1633 nemo
792 1564 1033 1635 Graece
1078 1568 1173 1633 ita
1218 1569 1423 1633 sciens
1441 1615 1456 1644 ,
1510 1572 1583 1631 ut
1645 1566 2054 1634 librariorum
2119 1567 2434 1633 erroribus
2497 1571 2746 1655 imponi

352 1672 477 1738 sibi
540 1692 668 1738 non
714 1675 1031 1758 patiatur,
1082 1675 1246 1740 serio
1295 1672 1584 1739 defendet
1608 1723 1625 1750 ,
1676 1673 1758 1740 de
1802 1673 1998 1738 huius
2044 1672 2172 1738 loci
2220 1663 2582 1760 corruptela
2629 1675 2744 1741 du-

350 1778 544 1846 bitari
586 1779 827 1864 nequit.
878 1778 1216 1845 Facillime
1262 1778 1525 1864 quidem
1572 1781 1856 1868 corrigas
1903 1776 2022 1844 ὑπό
2068 1777 2178 1844 sed
2224 1780 2434 1847 invito
2480 1780 2745 1848 fortasse

352 1887 690 1970 scriptore,
738 1905 931 1970 quem
980 1885 1190 1952 nescio
1237 1905 1315 1952 an
1364 1885 1489 1952 loci
1540 1885 1648 1964 86,
1703 1887 1763 1964 1,
1815 1885 1927 1950 ubi
1973 1905 2078 1952 me
2113 1890 2370 1952 auctore
2411 1889 2748 1954 novissimi

352 1991 627 2058 editores
671 1991 1047 2060 deleverunt
1092 1991 1510 2074 πρεσβευταί,
1560 1997 1624 2058 et
1668 1979 1730 2067 6,
1779 1988 1822 2055 2
1871 1996 1936 2056 et
1982 1990 2096 2057 alii
2141 1990 2406 2058 doceant
2453 1994 2745 2060 omisisse

354 2095 749 2180 πεμφθέντες
766 2147 785 2174 ,
832 2119 1035 2184 quum
1080 2100 1456 2185 praesertim
1498 2098 1744 2164 abiecto
1788 2098 2128 2184 participio
2173 2099 2389 2163 minus
2431 2097 2590 2165 dura
2635 2097 2749 2164 fiat

350 2202 665 2290 prolepsis
711 2205 762 2270 οἱ
811 2205 881 2269 ἐκ
926 2211 1038 2280 τῆς
1087 2203 1333 2284 Σάμου.
1379 2202 1481 2270 Of.
1527 2201 1650 2269 VII
1698 2201 1804 2282 32,
1858 2203 1918 2269 1.

443 2309 518 2376 In
580 2310 871 2378 eiusdem
936 2312 1163 2398 capitis
1222 2311 1259 2396 ξ
1308 2308 1351 2374 2
1414 2315 1585 2376 recte
1644 2311 1914 2398 agnovit
1957 2307 2218 2374 Classen
2267 2307 2749 2394 corruptissima

351 2435 486 2482 esse
544 2416 741 2485 verba
800 2413 1051 2500 ἔχοντες
1102 2415 1414 2496 ἡγεμόνας
1462 2423 1576 2481 τῶν
1626 2414 1790 2480 πάνυ
1839 2421 2162 2496 ςρατηγῶν
2206 2419 2326 2481 τῶν
2375 2416 2438 2480 ἐν
2485 2423 2564 2498 τῇ
2615 2413 2746 2479 ὄλι-

349 2523 603 2607 γαρχίᾳ
665 2523 768 2588 καὶ
834 2524 895 2589 ἐν
956 2525 1190 2607 άρχαῖς
1238 2523 1452 2601 ὄντων,
1505 2543 1621 2589 nee
1668 2520 1966 2608 displicet
2013 2520 2182 2608 quod
2226 2521 2369 2595 τοὺς
2419 2517 2582 2586 πάνυ
2627 2529 2745 2588 τῶν

352 2630 413 2694 ἐν
475 2632 823 2714 ὀλιγαρχίᾳ
887 2634 948 2698 ἐν
1014 2633 1245 2712 άρχαῖς
1308 2629 1488 2695 ὄντων
1535 2631 1842 2713 coniecit,
1889 2628 2154 2695 abiectis
2201 2626 2464 2714 reliquis
2485 2677 2503 2712 ,
2553 2626 2747 2695 liceat

350 2735 526 2801 haud
586 2736 857 2803 diffitear
917 2756 1025 2803 me
1084 2740 1407 2822 praeterea
1464 2734 1525 2799 ἐν
1572 2744 1650 2816 τῇ
1700 2736 2077 2819 ὀλιγαρχίᾳ,
2127 2733 2294 2820 quod
2343 2740 2599 2819 propter
2644 2736 2748 2801 vi-

351 2843 495 2908 cina
540 2862 759 2908 aurem
809 2842 1071 2909 offendit
1114 2846 1181 2909 et
1224 2841 1395 2908 ultro
1438 2839 1860 2929 intelligitur,
1911 2841 2126 2907 abesse
2169 2838 2386 2906 malle.

444 2945 813 3032 Sequuntur
846 2947 1038 3015 haec:
1080 2942 1197 3011 οἷον
1242 2946 1569 3026 Θηραμένη
1610 2970 1681 3013 τε
1721 2950 1824 3013 τὸν
1857 2948 2166 3025 Ἅγνωνος
2207 2944 2313 3011 καὶ
2341 2946 2744 3029 Ἀριςοκράτη

353 3052 459 3117 τὸν
530 3055 834 3120 Σκελλίου
900 3053 969 3141 (l.
1036 3054 1331 3131 Σκελίου,
1400 3052 1478 3119 cl.
1530 3051 1604 3119 C.
1652 3054 1708 3117 I.
1756 3052 1840 3118 A.
1892 3051 1927 3116 I
1972 3050 2046 3117 n⁰
2094 3049 2254 3141 422)
2317 3052 2424 3117 καὶ
2475 3052 2708 3129 ἄλλους
2732 3112 2752 3149 ‚

350 3152 409 3226 οἳ
468 3159 782 3244 μετέσχον
840 3161 956 3241 μὲν
1020 3161 1081 3227 ἐν
1130 3168 1257 3233 τοῖς
1308 3164 1527 3243 πρῶτοι
1576 3166 1694 3225 τῶν
1741 3156 2178 3244 πραγμάτων,
2227 3158 2608 3238 Φοβούμενοι
2657 3162 2743 3247 δ’,

352 3265 444 3339 ὥς
494 3264 862 3349 ἔφασαν,
923 3267 997 3334 τό
1041 3292 1113 3333 τε
1161 3268 1225 3335 ἐν
1270 3276 1350 3351 τῇ·
1399 3264 1599 3346 Σάμῳ
1646 3263 1976 3346 ςράτευμα
2023 3262 2130 3329 καὶ
2181 3263 2286 3329 τὸν
2332 3266 2746 3345 ’Λλκιβιάδην

352 3373 583 3456 σπουδῇ
632 3373 833 3453 πάνυ,
882 3374 1025 3447 τούς
1072 3398 1143 3439 τε
1191 3374 1251 3445 ἐς
1300 3374 1411 3447 τὴν
1457 3370 1906 3449 Λακεδαίμονα
1953 3370 2478 3453 πρεσβευομένους
2523 3372 2742 3459 [irea-

352 3502 463 3545 πον
530 3500 665 3546 om„
715 3480 773 3546 Β
831 3486 899 3547 et
949 3479 1225 3565 Schol.],
1278 3482 1368 3558 μή
1416 3502 1477 3545 τι
1526 3476 1671 3542 ἄνευ
1717 3483 1836 3542 τῶν
1882 3476 2174 3544 πλειόνων
2220 3480 2410 3545 κακὸν
2459 3478 2746 3560 δράσειαν

353 3587 463 3659 τὴν
528 3584 735 3665 πόλιν,
802 3588 869 3653 οὐ
932 3586 1003 3652 τὸ
1066 3586 1148 3673 (Β
1209 3586 1275 3651 οὐ
1339 3588 1453 3667 τῷ)
1500 3580 1961 3661 άπαλλαξείειν
2008 3584 2320 3670 (Abx-esch
2367 3604 2484 3671 ope
2529 3583 2742 3654 Schol.

355 3710 469 3776 pro
525 3690 952 3773 άπαλλάξειν)
1009 3696 1117 3757 τοῦ
1174 3688 1347 3771 ἄγαν
1416 3690 1478 3763 ἐς
1540 3688 1787 3767 ὀλίγους
1835 3688 2030 3755 ἐλθεῖν
2076 3688 2521 3775 (Londinensis
2564 3692 2746 3759 οἰκεῖν

355 3818 506 3865 cum
553 3797 750 3865 schol.
799 3796 892 3865 Of.
942 3798 1114 3863 stud.
1170 3798 1271 3863 Th.
1322 3795 1526 3863 Praef.
1578 3794 1730 3883 VII)
1779 3795 1957 3863 ἀλλὰ
2005 3796 2147 3869 τοὺς
2194 3798 2742 3880 πεντακισχιλίους

354 3903 513 3987 ἔργῳ
558 3904 665 3970 καὶ
711 3905 801 3984 μὴ
849 3904 1104 3982 ὀνόματι
1152 3912 1379 3985 χρῆναι
1426 3900 1878 3970 άποδεικνύναι.

442 4011 873 4079 Theramenes
935 4016 1001 4077 et
1066 4008 1487 4077 Aristocrates
1540 4029 1665 4076 non
1711 4030 1861 4076 sane
1909 4009 2079 4095 quod
2121 4012 2232 4075 τοῦ
2280 4006 2460 4087 ἄγαν
2507 4010 2568 4082 ἐς
2615 4012 2743 4075 ὀλί-

357 4142 503 4198 γους
569 4120 763 4185 ἒλθεῒν
811 4114 1123 4204 (οἷκεῒνῗ),
1170 4118 1291 4183 i.e.
1343 4124 1454 4191 τῆς
1502 4114 1794 4197 άκριβοῦς
1847 4112 2114 4203 (Schol.)
2166 4115 2586 4199 ὅλίγαρχίας,
2636 4118 2741 4182 oui

356 4245 425 4291 re
496 4245 645 4291 vera
716 4224 1017 4291 favebant
1039 4274 1055 4300 ,
1130 4220 1323 4289 finem
1390 4221 1866 4299 desiderabant,
1930 4220 2040 4286 aed
2113 4222 2264 4305 quia
2331 4219 2523 4285 finem
2603 4224 2742 4287 eius

352 4333 593 4397 instare
654 4330 1139 4418 intelligebant,
1211 4330 1279 4395 id
1340 4328 1615 4416 agebant
1674 4334 1785 4412 ut,
1846 4326 2156 4411 quamdiu
2215 4344 2472 4391 summa
2523 4346 2742 4393 rerum

355 4441 524 4505 esset
592 4458 783 4527 penes
852 4436 1347 4525 quadringentos
1360 4482 1379 4515 ,
1438 4436 1563 4521 ipsi
1620 4438 2012 4518 temperatae
2065 4432 2489 4497 democratiae
2535 4434 2746 4501 favere

2379 4548 2444 4601 12
