3369 5142
528 299 659 366 342
1142 297 1147 302 ’
1596 315 1824 366 rna-1¹0.

531 492 937 579 Exquisitum
984 493 1080 558 est
1127 511 1201 557 eo
1247 511 1435 557 sensu
1484 487 1724 574 ἐφιέναι
1771 489 1890 564 τὰς
1941 489 2111 567 ἡνίαις
2132 539 2149 570 ,
2191 497 2269 558 ut
2309 490 2478 578 apud
2512 487 2906 580 Virgilium:

1252 597 1539 685 classique
1584 599 1846 664 immittit
1889 600 2166 665 habenas.

528 711 751 789 χαλᾶν
800 711 894 772 est
942 705 1402 794 pervulgatum
1448 727 1563 792 pro
1610 707 1939 792 remittere,
1985 708 2280 772 relaxare.

621 923 780 1011 Pag.
848 921 1000 987 338.
1049 943 1115 986 c:
1194 921 1325 987 ἐπεὶ
1394 919 1463 985 τὸ
1528 919 1592 999 γ’
1655 921 1800 1000 ἐμὸν
1863 919 2028 987 οὐδέν
2079 944 2184 1000 μοι
2245 919 2540 1004 διαφέρει.
2611 923 2754 988 Non
2816 927 2914 988 est

532 1028 686 1096 haec
747 1027 992 1096 Graeca
1048 1030 1248 1095 oratio
1269 1079 1287 1104 ,
1334 1027 1445 1094 sed
1492 1028 1786 1094 confusae
1831 1033 1896 1094 et
1941 1032 2294 1114 permixtae
2339 1033 2488 1094 sunt
2533 1029 2697 1096 duae
2738 1029 2912 1095 locu-

534 1139 769 1221 tioneS,
818 1136 891 1201 τό
937 1135 1001 1214 γ’
1047 1135 1195 1213 ἐμὸν
1240 1135 1402 1200 οὐδὲν
1452 1133 1673 1200 κωλύει
1723 1138 1787 1202 et
1826 1135 1992 1200 οὐδέν
2029 1160 2129 1213 μοι
2173 1135 2467 1218 διαφέρει.
2509 1137 2576 1201 in
2615 1159 2703 1200 me
2739 1137 2913 1201 nulla

534 1255 623 1310 est
686 1265 852 1308 mora
916 1247 981 1308 et
1040 1265 1165 1306 mea
1223 1241 1388 1306 nihil
1443 1243 1669 1327 refert,
1742 1243 1888 1307 mihi
1928 1243 2176 1326 perinde
2223 1251 2326 1308 est.
2375 1241 2448 1308 In
2500 1245 2721 1326 Gor-qia
2761 1263 2907 1332 pag.

538 1349 671 1416 458
718 1351 791 1415 d:
841 1350 1018 1416 ἀλλὰ
1066 1349 1190 1429 μὴν
1234 1345 1309 1413 τό
1354 1351 1423 1428 γ’
1470 1349 1615 1428 ἐμὸν
1661 1350 1827 1416 οὐδὲν
1875 1347 2130 1428 κωλύει,
2181 1360 2244 1416 et
2290 1349 2434 1416 aliis
2477 1351 2651 1417 locis-

624 1456 768 1524 Hoc
826 1458 1042 1543 ipsum
1104 1459 1310 1544 igitur
1371 1477 1779 1543 reponemus:
1838 1454 1970 1521 ἐπεὶ
2020 1454 2093 1520 τό
2138 1463 2204 1534 γ’
2252 1457 2397 1535 ἐμὸν
2443 1457 2606 1523 οὐδὲν
2653 1455 2906 1537 κωλύει,

543 1567 875 1653 expunctis
922 1563 1133 1632 verbis
1180 1562 1349 1628 οὐδέν
1395 1586 1496 1641 μοι
1546 1562 1841 1647 διαφέρει.

629 1777 789 1865 Pag.
866 1773 1018 1840 339.
1067 1775 1113 1837 d
1127 1795 1142 1838 ε
1206 1769 1321 1842 ὤςε
1388 1771 1516 1848 ἤτοι
1562 1771 1632 1838 τὸ
1681 1771 1960 1854 πρότερον
2007 1773 2040 1850 ἢ
2091 1772 2293 1853 ὕςερον
2345 1775 2449 1840 οὐκ
2495 1773 2668 1856 ὀρθῶς
2715 1771 2913 1850 λέγει.

542 1885 619 1951 Iu
686 1882 1031 1950 Bodleiano
1099 1885 1196 1946 cst
1264 1877 1379 1948 ὥςε
1443 1882 1650 1960 ἡγοῖτο
1713 1881 2088 1968 (ΗΓΟΙΤΟ)
2153 1881 2430 1962 Πότερον.
2535 1881 2610 1946 In
2669 1877 2918 1946 Veneto

541 1991 772 2060 Codice
820 1990 896 2056 de
944 1987 1173 2055 Graeci
1216 1986 1471 2053 lectoris
1517 1988 1680 2052 bona
1729 1990 2088 2053 coniectura
2130 1989 2405 2076 legitur:
2457 1989 2583 2064 ἤτοι
2633 1986 2702 2052 τὸ
2753 1985 2919 2052 nPo'-

540 2122 740 2179 τερον,
806 2095 913 2162 sed
958 2095 1101 2162 leve
1146 2093 1451 2160 mendum
1499 2099 1802 2180 superest.
1896 2093 2338 2160 Necessarium
2387 2097 2560 2162 enim
2609 2099 2738 2160 est:
2789 2091 2916 2169 ἤτοι

539 2207 609 2270 τὸ
660 2203 937 2285 πρότερον
987 2201 1021 2270 ἢ
1070 2210 1189 2267 ΤΟ
1242 2197 1441 2280 ὕςερον
1489 2203 1595 2266 οὐκ
1640 2200 1808 2280 ὀρθῶς
1861 2198 2056 2278 λέγει.

631 2413 795 2501 Pag.
864 2408 1012 2476 339.
1062 2427 1123 2474 e:
1191 2409 1519 2485 ἕσκοτώθην
1583 2433 1652 2474 τε
1705 2409 1807 2474 καὶ
1864 2410 2287 2488 ΕΙλιγγίασοι.
2360 2411 2582 2478 Editor
2628 2413 2918 2480 futilissi-

542 2522 670 2589 mis
704 2516 1153 2609 grammaticis
1192 2499 1459 2583 credidit
1500 2513 1750 2596 ἴλιγγος
1791 2517 2191 2583 scribendum
2227 2539 2396 2605 esse,
2421 2517 2530 2585 sed
2561 2524 2916 2601 Ειλιγγιᾶν,

540 2629 732 2714 idque
802 2646 879 2691 ex
948 2624 1280 2710 scripturis
1352 2622 1661 2690 Codicum
1733 2630 2090 2690 nostrorum
2163 2646 2434 2692 asserere
2496 2632 2788 2707 conatur,
2851 2629 2917 2694 in

544 2736 775 2822 quibus
836 2752 1037 2819 quum
1099 2729 1380 2811 μυριάκις
1444 2731 1754 2796 scribatur
1820 2741 1896 2795 ΕΙ
1959 2753 2070 2817 pro
2117 2742 2140 2796 1
2191 2736 2377 2821 longo
2424 2738 2488 2799 et
2532 2756 2659 2800 non
2704 2738 2920 2802 minus

544 2861 728 2926 saepe
797 2848 821 2904 Ι
893 2858 1007 2925 pro
1079 2846 1194 2913 61,
1264 2858 1389 2903 non
1450 2841 1546 2903 est
1607 2838 1711 2902 his
1773 2840 2125 2905 testimonii
2189 2840 2404 2905 dicti0.
2455 2840 2545 2906 Ut
2592 2841 2668 2908 de
2718 2843 2919 2908 forma

546 2947 795 3025 ἴλιγγος
843 2948 1116 3029 constat,
1166 2947 1256 3010 sic
1300 2945 1540 3029 ubique
1578 2947 1894 3023 Ἰλιγγιέὶν
1936 2950 2000 3010 et
2035 2944 2403 3023 Ἰλιγγίοισοι
2427 2949 2916 3015 restituendum.

548 3052 955 3121 Consuetudo
1000 3057 1294 3117 veterum
1342 3050 1750 3117 librariorum
1797 3050 1920 3117 fert
1965 3057 2040 3117 ut
2077 3054 2388 3118 scribatur
2426 3055 2632 3139 τειμῆ,
2673 3060 2920 3133 τειμόἑν,

546 3158 842 3245 ἄτειμος,
908 3158 1223 3236 ἐπίτειμος
1288 3160 1430 3222 sim.
1496 3179 1646 3223 vera
1705 3157 1896 3224 lectio
1955 3168 2050 3224 cst
2113 3160 2301 3236 τιμή,
2361 3164 2587 3237 τιμᾶν,
2650 3160 2916 3240 ἄτιμος,

549 3268 853 3348 ἐπίτιμος.
909 3264 1078 3347 Quid
1124 3265 1361 3331 diceres
1406 3266 1463 3329 si
1510 3266 1652 3350 quis
1700 3264 1896 3331 vellet
1941 3268 2091 3343 τιμή
2141 3266 2410 3333 scribere
2459 3271 2522 3332 et
2569 3268 2836 3345 τειμᾶνῖ

639 3481 800 3569 Pag.
867 3477 1015 3546 340.
1066 3502 1128 3546 cz
1198 3477 1303 3544 τὸν
1364 3480 1429 3545 δέ
1491 3505 1569 3558 γε
1637 3481 1948 3547 Πιττακὸν
2009 3480 2342 3565 μέμφεται
2393 3522 2475 3533 -
2524 3485 2610 3550 τὸ
2675 3488 2921 3554 αὐτὸν

552 3589 747 3667 ἑαυτῷ
812 3586 1101 3665 λέγονται.
1162 3586 1309 3652 Non
1368 3592 1463 3651 est
1524 3584 1842 3653 Graecum
1905 3587 1974 3652 τὸ
2025 3588 2211 3654 αὐτόν
2257 3590 2365 3656 sed
2414 3593 2573 3657 crasi
2619 3601 2922 3681 perpetua

554 3700 617 3760 et
659 3694 1010 3759 necessaria
1052 3692 1279 3758 ταύτόν
1321 3692 1632 3758 dicebant.
1725 3692 1874 3759 Dici
1920 3699 2128 3781 potest
2175 3694 2242 3759 τὸ
2291 3698 2506 3783 αὐτο,
2556 3698 2665 3765 sed
2705 3704 2922 3767 termi-

551 3804 726 3868 natio
777 3836 859 3849 —
888 3808 1008 3865 ΟΝ
1057 3800 1261 3864 crasin
1306 3798 1587 3885 postulat
1633 3800 1893 3876 ταύτόν,
1943 3805 2017 3866 ut
2065 3822 2211 3889 pag.
2261 3804 2392 3869 340
2441 3806 2506 3870 b:
2547 3808 2625 3879 ὥς
2666 3808 2730 3872 οὐ
2772 3809 2922 3873 ταύ-

554 3911 656 3975 τὸν
718 3906 827 3985 ὅν,
878 3911 942 3972 et
986 3904 1212 3971 ταύτόν
1259 3898 1347 3971 α’·οι
1396 3904 1586 3981 δοκεῖ,
1638 3910 1703 3971 et
1745 3927 1807 3992 p.
1859 3904 1990 3971 350
2030 3910 2101 3972 d:
2150 3910 2377 3975 ταύτὸν
2425 3906 2612 3991 εἶναι,
2663 3919 2726 3980 et
2773 3937 2919 4004 pag.

558 4013 685 4081 351
739 4036 807 4079 a:
856 4015 920 4078 οὐ
969 4013 1092 4091 γὰρ
1142 4012 1369 4077 ταύτὸν
1411 4007 1584 4089 εἶναι,
1638 4017 1703 4079 et
1749 4014 1840 4079 sic
1886 4019 2257 4083 constanter.

647 4120 963 4187 Similiter
1009 4121 1244 4206 ubique
1290 4118 1740 4185 contrahebant
1788 4121 1847 4184 ἓν
1891 4124 2100 4204 ταύτῷ
2126 4172 2141 4199 ,
2193 4126 2276 4197 εἰς
2325 4124 2591 4204 ταύτόν,
2641 4126 2709 4191 ἐκ
2764 4130 2922 4193 ταύ-

560 4232 703 4306 τοῦ,
769 4232 833 4293 et
894 4226 1192 4292 mendose
1242 4226 1541 4291 scribitur
1585 4246 1730 4313 pag.
1785 4226 1933 4291 336.
1983 4251 2056 4294 a:
2106 4229 2164 4294 εἴ
2206 4255 2266 4294 τι
2315 4230 2429 4295 δέει
2478 4232 2815 4301 θεάσασθαι
2863 4239 2921 4301 ἐν

560 4340 643 4419 τῷ
693 4336 858 4415 αὐτῷ
909 4332 1017 4412 ἐμέ
1066 4357 1135 4397 τε
1184 4333 1286 4396 καὶ
1337 4332 1608 4414 ΚρΙο-ωνκ
1659 4332 1935 4413 θέοντας,
1987 4356 2098 4424 pro
2148 4338 2204 4400 ἐν
2248 4339 2476 4419 ταύτῷ.
