3369 5142
479 233 613 313 214'
1550 260 1773 311 oweno

482 434 656 499 malo
702 431 1132 520 cognoscere.”
1180 430 1519 518 Sophocles
1560 432 1911 497 secundum
1952 430 2272 499 Ciceronis
2301 437 2653 500 versionem
2680 428 2880 498 Tusc.

472 537 569 604 “Π.“
618 538 681 604 9.
731 539 817 604 22
880 541 1130 623 proprio
1176 559 1367 604 sensu
1414 537 1884 624 prosternendi:
1935 537 2435 624 Erymanthiam
2483 540 2639 604 haec
2685 537 2880 605 vasti-

476 643 679 710 'ficam
724 644 956 710 abiecit
1002 643 1328 709 beluam.”

578 749 743 816 Sunt
810 749 879 813 in
947 751 1029 814 iis
1098 771 1258 835 quae
1318 754 1565 834 praeter
1627 749 1886 814 lacunas
1951 747 2016 814 S.
2079 749 2252 815 solus
2297 757 2408 815 aut
2455 773 2604 816 cum
2653 751 2878 816 Franc.

486 857 681 922 habet
742 857 903 921 bona
968 877 1004 920 a
1050 856 1123 920 P.
1180 855 1427 920 diversa
1469 855 1838 920 istiusmodi
1898 855 2208 940 quaedam
2232 905 2247 934 ‚
2296 874 2370 921 ut
2417 879 2451 922 e
2501 859 2883 924 correctione

486 962 598 1028 vix
663 963 988 1046 potuerint
1046 968 1198 1026 nata
1260 981 1427 1025 esse:
1491 961 1528 1044 ἓ
1578 959 1663 1026 27
1719 965 1816 1038 „si
1863 961 1957 1026 fas
2005 969 2101 1026 est
2151 962 2403 1027 defendi
2457 984 2494 1028 a
2541 983 2647 1028 me
2697 982 2880 1038 eum,

394 1129 399 1134 .
480 1067 599 1152 'qui
656 1067 913 1136 nullum
976 1069 1344 1133 convivium
1405 1067 1789 1132 reminierit”
1853 1067 1952 1152 P.,
1999 1071 2247 1145 inierit,
2301 1068 2570 1154 reliqui,
2620 1069 2879 1145 Franc.;

490 1172 555 1236 S.
623 1173 800 1260 (cum
862 1173 1043 1238 Leid.
1107 1175 1166 1238 A
1227 1174 1281 1236 si
1343 1193 1420 1237 ex
1467 1173 1720 1238 silentio
1767 1172 1930 1238 effici
1978 1173 2209 1260 potest)
2259 1177 2565 1239 renuerit.
2617 1213 2700 1222 —
2757 1173 2879 1238 53:

492 1282 601 1356 „si
681 1299 808 1343 non
888 1286 985 1343 est
1068 1301 1287 1342 rursus
1359 1279 1589 1352 dicere,
1666 1299 1792 1343 non
1863 1278 2137 1343 dedisti'’
2213 1275 2303 1344 s‘ic
2381 1281 2556 1345 codd.
2635 1285 2885 1364 praeter

493 1383 540 1448 S
586 1383 637 1448 F
720 1390 784 1449 et
860 1385 1235 1449 recentiores
1304 1383 1462 1448 alios
1529 1383 1709 1448 Leid.
1783 1387 1838 1448 A
1863 1383 1914 1449 O
1983 1387 2092 1469 qui
2161 1385 2398 1450 habent
2466 1389 2874 1452 verissimum

494 1514 701 1554 ausus.
786 1528 868 1538 -
960 1489 1046 1554 54
1132 1491 1407 1576 infamat
1487 1503 1669 1576 atque
1753 1487 2108 1567 PEGW,
2187 1494 2254 1555 in
2327 1493 2584 1577 famam
2662 1506 2876 1580 atque,

500 1596 666 1682 quod
727 1599 1107 1681 requiritur,
1170 1595 1216 1660 S
1240 1595 1311 1661 F.
1366 1635 1447 1644 --
1496 1597 1593 1662 Ib.
1652 1598 1984 1682 archetypi
2045 1596 2236 1662 lectio
2297 1606 2427 1662 est:
2499 1598 2705 1684 „quod
2768 1620 2878 1683 per

498 1705 751 1791 ignotos
811 1707 1064 1788 actum,
1126 1726 1264 1768 cum
1325 1706 1750 1790 comperisset,
1805 1700 2082 1787 doleret,
2130 1703 2199 1766 id
2245 1723 2281 1768 a
2329 1707 2464 1768 suis
2510 1705 2708 1770 servis
2755 1712 2886 1768 ten·

500 1815 713 1875 tatum
778 1809 925 1893 (esse
989 1811 1143 1894 om.)
1205 1806 1647 1895 neglegeret?''
1707 1829 1834 1873 non
1895 1816 1969 1872 ut
2031 1806 2230 1895 vulgo
2292 1809 2504 1874 editur
2549 1813 2606 1873 si
2649 1835 2882 1898 comp„

500 1917 577 1982 P.
644 1921 904 1994 „actum
952 1914 1361 2002 competisset”
1409 1922 1473 1979 et
1520 1915 1762 1979 similia
1810 1914 1922 1979 alii
1939 1935 1955 1992 ;
2005 1913 2051 1978 S
2074 1915 2125 1979 F
2171 1915 2356 1980 Leid.
2405 1919 2498 1980 A:
2548 1940 2684 1980 cum
2731 1940 2888 1980 com-

430 2061 439 2071 ·
493 2026 771 2112 perisset.
843 2059 923 2068 —-
990 2019 1110 2084 68:
1180 2022 1289 2098 „in
1337 2039 1463 2104 qua
1508 2025 1620 2084 aut
1667 2023 1910 2084 crimen
1957 2027 2054 2084 est
2099 2019 2315 2087 Caelio
2365 2025 2720 2106 quaesitum
2777 2027 2887 2086 aut

506 2129 791 2215 quaestio
836 2127 1143 2190 sublevata
1191 2131 1303 2190 aut
1331 2125 1475 2188 —.''
1496 2123 1601 2189 Sic
1643 2145 1860 2190 omnes
1899 2125 1978 2206 (P
2001 2126 2055 2189 E
2081 2125 2142 2190 G
2165 2125 2215 2190 F
2239 2125 2322 2190 W
2355 2125 2600 2204 Leidd.,
2627 2125 2885 2213 Bernn.)
2979 2193 2985 2200 ‚

505 2213 769 2320 praeter.
794 2233 849 2298 T
898 2231 1438 2318 (palimpsestum)
1487 2236 1550 2295 et
1596 2230 1664 2316 S,
1714 2234 1822 2317 qui
1872 2253 2097 2298 verum
2145 2232 2412 2296 offerunt
2457 2234 2772 2320 (sublata).
2805 2272 2885 2280 —

506 2341 628 2406 78:
690 2359 875 2416 „non
909 2341 1117 2422 potest
1180 2339 1292 2420 qui
1352 2337 1602 2401 ambitu
1662 2358 1741 2402 ne
1789 2337 2154 2402 absolutum
2207 2327 2466 2422 quidem
2513 2341 2706 2403 datur
2755 2361 2888 2404 esse

504 2441 910 2512 absolutum”
966 2443 1085 2508 hoc
1156 2441 1267 2507 aut
1325 2446 1437 2508 dat
1502 2441 1776 2528 (Franc.)
1839 2444 2107 2528 reliqui,
2163 2447 2419 2531 patitur
2474 2444 2646 2510 solus
2693 2443 2758 2510 S.
2809 2467 2885 2510 ex

492 2565 697 2641 patui·
718 2602 735 2629 ‚
807 2549 974 2637 quod
1043 2548 1488 2634 compendium
1556 2555 1691 2615 erat
1761 2548 2106 2638 legendum
2161 2554 2477 2638 patiatur.
2531 2590 2611 2600 —
2670 2551 2885 2617 Dubia

496 2659 689 2724 lectio
752 2662 847 2723 est
904 2658 940 2743 ξ
987 2656 1073 2721 25
1126 2663 1385 2733 „tamen
1428 2676 1909 2741 nonnumquam
1957 2658 2219 2721 verebar
2264 2679 2344 2722 ne
2393 2657 2507 2722 illa
2557 2658 2884 2724 subtiliter

502 2764 583 2831 ad
645 2762 1114 2830 criminandum
1177 2762 1439 2827 inducta
1501 2764 1702 2826 oratio
1768 2762 1847 2825 ad
1909 2765 2150 2827 animos
2216 2770 2460 2829 vestros
2517 2764 2752 2829 sensim
2815 2787 2886 2829 ac

502 2873 733 2938 leniter
779 2869 1163 2945 accederet,'’
1212 2864 1379 2953 quod
1429 2871 1639 2954 magis
1686 2869 1851 2932 mihi
1889 2889 2260 2954 persuasum
2311 2875 2408 2934 est
2449 2871 2883 2936 damnandum

506 2972 675 3055 esse,
724 2997 918 3062 quam
964 2973 1469 3060 amplectendam
1516 2972 1857 3039 lectionem
1906 2974 1949 3039 S
1971 2974 2021 3038 F
2071 2976 2290 3040 Leidd.
2342 2979 2397 3040 A
2423 2974 2472 3041 C
2500 2976 2592 3040 D:
2644 2979 2887 3055 „oratio

506 3086 745 3147 animos
814 3087 1057 3147 vestros
1118 3102 1164 3144 s.
1195 3100 1251 3144 a.
1277 3078 1322 3145 1.
1386 3078 1790 3144 accenderet.”
1884 3080 2030 3145 Non
2102 3082 2274 3145 enim
2339 3080 2574 3146 dicitur
2643 3082 2886 3167 aliquid

504 3192 772 3255 accedere
831 3188 909 3252 ad
969 3190 1257 3252 animum
1318 3185 1429 3251 sed
1488 3210 1809 3275 arrepere,
1872 3186 2063 3251 allabi
2123 3188 2344 3273 (poet.)
2360 3208 2376 3265 ;
2436 3187 2543 3252 sed
2592 3191 2887 3271 quamvis

505 3293 815 3361 acc'endere
872 3295 1011 3379 ipsa
1056 3292 1234 3359 verbi
1279 3298 1588 3376 potestate
1642 3312 1770 3357 non
1815 3292 2110 3358 videatur
2152 3292 2683 3377 improbandum,
2734 3291 2888 3359 Tul-

502 3404 749 3469 lianum
818 3407 1032 3466 tamen
1092 3402 1154 3462 in
1218 3396 1492 3485 figurata
1553 3397 2014 3484 significatione
2080 3404 2175 3463 est
2238 3402 2569 3464 incendere.
2663 3398 2884 3485 Itaque

502 3514 629 3575 ista
685 3510 985 3573 correctio
1032 3511 1149 3570 est.
1242 3503 1662 3569 Scribendum
1711 3508 2026 3569 accideret.
2075 3504 2245 3569 Nota
2289 3511 2438 3570 sunt
2487 3508 2752 3571 accidere
2798 3510 2885 3571 ad

501 3637 680 3679 aures
700 3664 717 3697 ,
764 3616 849 3676 ad
893 3614 1152 3675 animos.
1200 3608 1549 3673 Verebatur
1594 3628 1673 3672 ne
1719 3608 2032 3673 Herennii
2067 3608 2256 3673 Balbi
2297 3614 2608 3676 sententia
2644 3615 2881 3677 sensim

502 3720 871 3785 illaberetur
928 3720 998 3780 in
1054 3719 1329 3792 animoa,
1395 3735 1742 3799 eorumque
1804 3722 2052 3779 mentes
2114 3720 2480 3799 occuparet;
2530 3739 2656 3782 non
2703 3741 2883 3783 aures

503 3830 757 3891 tantum
821 3821 1160 3887 delectaret
1221 3820 1330 3884 sed
1390 3819 1617 3886 falsam
1665 3822 2028 3905 opinionem
2079 3821 2157 3886 ad
2204 3824 2443 3886 animos
2492 3827 2885 3889 transmitte-

505 3936 622 3996 ret.
674 3967 757 3977 --
824 3926 933 3991 Vel
988 3928 1053 3990 in
1124 3924 1336 4009 leyatis
1397 3928 1767 3990 insidiandis
1828 3928 1878 4010 §-
1913 3926 1993 3990 51
2063 3928 2218 4011 quin
2276 3926 2608 3992 ferendum
2675 3932 2760 3994 sit
2811 3936 2884 3994 ut

499 4040 566 4102 in
631 4035 1046 4122 respondendo
1108 4034 1241 4095 iure
1304 4036 1366 4095 et
1428 4031 1783 4109 similibus,
1835 4053 1981 4097 cum
2029 4036 2400 4117 praesertim
2450 4032 2878 4116 adaequatum

502 4143 585 4207 sit
647 4141 991 4227 proximis:
1059 4137 1149 4201 vel
1210 4138 1276 4200 in
1336 4140 1522 4201 servis
1570 4136 1970 4201 sollicitandis
1993 4185 2008 4215 ,
2058 4159 2245 4203 nemo
2293 4159 2488 4224 paene
2537 4140 2724 4207 hodie
2772 4141 2886 4208 du-

500 4250 697 4325 bitat;
760 4244 1109 4309 Lambinus
1169 4241 1323 4307 olim
1381 4242 1701 4307 violandis.
1797 4242 2048 4307 Nititur
2093 4246 2463 4309 insidiandis
2509 4246 2692 4312 libris
2739 4248 2782 4314 S
2808 4248 2878 4327 F,

496 4353 673 4425 Leid.
714 4352 780 4416 A
803 4348 853 4415 Ο
879 4350 959 4427 Ι),
1003 4348 1235 4433 reliqui
1278 4350 1631 4412 insidiantis
1678 4354 1790 4412 aut
1828 4351 2226 4436 insidiantes,
2253 4388 2341 4399 —
2370 4354 2548 4417 tibus.
2575 4353 2885 4421 Halmius
