3369 5142
1405 277 1737 333 nolumus.
2730 255 2768 328 7

944 501 978 530 „
997 453 1048 516 O
1087 455 1342 518 saeclum
1387 453 1676 538 insapiens
1722 461 1780 520 et
1820 457 2121 538 inficetum
2132 455 2195 520 !’'

471 557 713 624 Eodem
771 563 1024 624 tumore
1082 558 1248 624 dixit
1303 559 1380 626 de
1438 563 1548 638 iis,
1614 563 1725 645 qui
1770 559 2123 626 Ablabium
2173 559 2530 632 Constantii
2578 565 2759 628 iussu

379 669 686 730 necarunt
728 684 874 752 pag.
924 663 1032 730 26.
1081 666 1472 747 κρεουργηδὸν
1517 663 1716 746 ὥσπερ
1764 691 1822 732 τι
1866 674 1982 732 τῶν
2017 667 2077 731 ἕν
2113 675 2253 740 ταῖς
2295 670 2589 750 εὐωχίαις
2618 668 2759 749 ζῷον

384 771 890 856 κατακόψαντες.

475 1015 638 1103 Pag.
705 1011 815 1079 65.
907 1014 1162 1080 Priscus
1219 1015 1537 1097 κρυψίνους
1589 1015 1692 1080 καὶ
1738 1015 2167 1096 βαθυγνώμων
2218 1055 2300 1066 -
2347 1019 2425 1091 ὦς
2474 1016 2767 1099 θησαυρόν

386 1144 526 1186 τινα
589 1121 919 1202 ἐφύλαττε
980 1123 1065 1186 τὰ
1129 1121 1430 1200 δόγματα
1478 1123 1581 1188 καὶ
1631 1123 1774 1194 τοὺς
1822 1122 2087 1195 εὐκόλως
2136 1124 2270 1204 περὶ
2322 1127 2523 1190 αὐτῶν
2572 1130 2767 1207 προϊε·

384 1226 598 1306 μένους
681 1227 887 1308 φωνην
965 1226 1234 1300 ἀσώτους
1307 1227 1604 1309 ἔφασκεν.
1702 1229 1961 1317 Pugnat
2030 1249 2180 1295 cum
2250 1230 2375 1296 loci
2448 1235 2764 1299 sententia

387 1332 645 1406 εὐκόλως
693 1333 934 1399 comiter
981 1339 1046 1399 et
1087 1335 1434 1420 requiritur
1478 1335 1742 1416 εὐχερῶς
1783 1343 2028 1421 temere,
2068 1341 2145 1402 ut
2184 1337 2352 1423 apud
2390 1337 2765 1404 Demosthe-

383 1461 532 1507 nem
579 1442 656 1505 de
707 1445 936 1505 o'orona
981 1461 1132 1529 pag.
1182 1439 1335 1507 248.
1388 1439 1491 1506 10.
1535 1437 1577 1506 ὦ
1621 1439 1821 1521 λέγων
1858 1444 2121 1523 εὐχερῶς
2164 1439 2201 1506 ὅ
2236 1467 2296 1508 τι
2338 1441 2413 1508 ἂν
2438 1444 2765 1526 βουληθῇς.

475 1547 650 1613 Solet
717 1546 1043 1632 Eunapius
1111 1568 1227 1613 sua
1287 1551 1532 1614 iterare.
1597 1546 1834 1614 Iisdem
1897 1549 2111 1615 verbis
2172 1549 2338 1615 dixit
2398 1553 2467 1614 in
2530 1551 2760 1639 fragm.

384 1654 621 1720 Histor.
671 1651 775 1718 63.
829 1653 908 1720 de
952 1651 1216 1719 Rufino:
1262 1653 1691 1732 βαθυγνώμων
1731 1651 2034 1736 ἅνθρωπος
2085 1655 2189 1720 καὶ
2239 1657 2581 1737 κρυψίνους.

477 1897 637 1985 Peg.
689 1895 794 1962 66.
846 1896 924 1962 de
970 1898 1273 1963 comitate
1317 1897 1572 1964 Aedesii
1617 1899 1711 1963 ita
1757 1899 2015 1964 scribit:
2065 1899 2511 1979 λαχανόπωλιν
2560 1900 2769 1964 ἁπαν-

387 2003 584 2078 τῆσας
649 2002 832 2079 ἡδέως
889 2002 966 2070 ἂν
1013 1998 1172 2069 εἶδεν
1221 2041 1305 2052 —-
1355 2005 1458 2068 καὶ
1511 2003 1642 2085 περ)
1693 2013 1879 2082 τιμῆς
1927 2003 2005 2069 ἂν
2051 2005 2335 2085 διελέχθη
2384 2005 2529 2084 πρὸς
2579 2008 2772 2078 αὐτὴν

390 2105 456 2189 ὅ,
506 2134 565 2176 τι
613 2110 774 2176 πολὺ
826 2110 894 2175 τὸ
943 2117 1282 2186 καπηλεῖον
1329 2108 1689 2190 ἐργάζεται.
1763 2109 1931 2192 Quid
1979 2114 2065 2176 sit
2111 2112 2179 2174 τὸ
2229 2120 2567 2186 καπηλεῖον
2608 2111 2769 2176 πολὺ

390 2217 723 2298 ἐργάζεται
771 2221 940 2283 recte
991 2217 1299 2302 explicuit
1346 2215 1797 2304 Wyttenbach.
1851 2223 2103 2282 taberna
2150 2218 2504 2282 conditricis
2550 2219 2769 2282 olerum

373 2324 702 2409 fructuosa
771 2330 856 2388 est
927 2325 1011 2386 ad
1065 2330 1400 2408 quaestum,
1466 2323 1576 2388 sed
1633 2322 1943 2388 mendum
2008 2328 2103 2390 est
2159 2327 2227 2388 in
2276 2317 2369 2388 ὅτι
2417 2329 2481 2388 et
2528 2322 2771 2410 aliquid

392 2429 629 2495 excidit
689 2431 758 2494 in
822 2428 986 2494 hanc
1043 2431 1424 2495 sententiam
1495 2435 1590 2514 „ot
1650 2452 1723 2494 ex
1779 2452 1851 2493 ea
1896 2430 2191 2516 quaesivit
2236 2449 2313 2495 an
2363 2450 2440 2495 ex
2487 2429 2765 2495 oleribus

392 2534 674 2601 multum
721 2534 888 2602 lucri
935 2533 1227 2602 faceret.”

478 2780 639 2869 Peg.
690 2778 796 2845 66.
847 2777 1000 2844 ἀλλ’
1049 2776 1210 2856 ὅμως
1258 2782 1520 2851 τοιοῦτος
1568 2778 1645 2844 ὢν
1692 2778 1797 2843 καὶ
1848 2777 2062 2843 Μετὰ
2110 2778 2220 2854 την
2264 2782 2594 2844 Ἰουλιανοῦ
2636 2778 2764 2856 βα-

389 2889 629 2954 σιλείαν
698 2885 1034 2963 ἀμώμητος
1099 2883 1295 2961 ἔμεινε
1366 2886 1469 2950 καὶ
1543 2884 1809 2957 πολλούς
1877 2908 1949 2950 τε
2012 2885 2441 2963 νεωτερισμοὺς
2508 2887 2767 2963 ἐνεγκὼν

388 2991 916 3074 κορυβαντιῶντων
963 2991 1062 3055 ἐπὶ
1115 2991 1309 3073 σοφίᾳ
1355 2990 1680 3069 μειρακίων
1712 3028 1793 3040 -
1820 2998 1947 3061 τοῖς
1986 2990 2429 3065 τῆςἘλλοὶδος
2473 2992 2645 3070 ἱεροῖς
2680 3030 2762 3041 -

389 3099 812 3164 συναπώλετο.
882 3096 1022 3163 Non
1073 3103 1169 3162 est
1214 3096 1506 3162 mirabile
1551 3095 1843 3162 Priscum
1880 3104 2021 3179 post
2068 3096 2307 3162 Iuliani
2351 3104 2587 3161 mortem
2634 3100 2769 3164 sine

387 3206 520 3272 ulla
578 3206 1056 3290 reprehensione
1121 3204 1350 3269 vixisse
1368 3251 1386 3287 ,
1449 3202 1560 3267 sed
1601 3226 1781 3286 quum
1825 3225 2048 3267 summa
2084 3204 2293 3284 qratia
2338 3206 2503 3286 apud
2532 3204 2771 3287 princi·

375 3335 514 3397 pem
566 3314 842 3395 floreret.
937 3310 1160 3395 Itaque
1225 3308 1522 3375 emenda:
1593 3307 1795 3373 ΚΛτοὶ
1856 3308 1968 3380 την
2029 3310 2359 3373 Ἰουλιανοῦ
2409 3308 2766 3387 βασιλείαν.

389 3415 852 3499 Νεωτερισμός,
903 3422 978 3481 ut
1023 3414 1473 3503 Wyttenbach.
1528 3414 1857 3500 opinatur,
1908 3420 2003 3479 est
2048 3414 2345 3479 innovatio
2392 3416 2697 3481 doctrinae
2731 3438 2769 3479 α

393 3525 706 3609 discipulis
766 3530 1030 3607 tentata,
1093 3521 1203 3587 sed
1263 3541 1389 3587 non
1449 3520 1653 3586 solent
1714 3519 2169 3586 adolescentuli
2236 3520 2314 3585 de
2372 3542 2603 3608 genere
2648 3521 2768 3587 hoc

391 3632 714 3697 doctrinam
759 3630 1045 3695 innovare
1090 3634 1155 3693 et
1202 3627 1460 3693 omnino
1507 3627 1922 3711 docebantur,
1972 3646 2097 3692 non
2145 3626 2473 3693 docebant.

484 3738 652 3818 Quia
694 3736 1054 3817 νεωτερίζειν
1097 3736 1166 3799 in
1211 3732 1453 3798 malam
1501 3732 1630 3798 fere
1675 3738 1923 3818 partem
1964 3734 2274 3818 accipitur
2310 3738 2372 3800 et
2409 3732 2770 3813 νεωτερίζειν

393 3842 477 3917 είς
539 3867 681 3907 τινα
743 3848 840 3907 est
895 3842 1068 3907 idem
1115 3839 1285 3924 quod
1331 3844 1533 3911 κακῶς
1583 3846 1773 3903 ποιεῖν
1818 3861 1959 3902 τινα
2003 3837 2109 3905 vel
2158 3841 2421 3916 ἀδικεῖν,
2473 3844 2547 3903 ut
2600 3838 2773 3924 apud

391 3949 682 4037 Thucyd.
746 3947 826 4012 11.
895 3946 935 4011 3
995 3948 1078 4018 είς
1143 3945 1356 4010 οὐδένα
1418 3944 1583 4009 οὐδὲν
1643 3943 2043 4025 ἐνεωτέριζον,
2106 3944 2405 4009 videntur
2450 3946 2501 4009 οί
2552 3943 2768 4009 πολλοὶ

391 4054 778 4135 νεωτερισμοί
821 4050 1179 4141 significare
1224 4052 1412 4115 multa
1451 4056 1723 4135 proter-ve
1770 4073 1838 4113 ao
1876 4050 2216 4133 petulanter
2256 4050 2334 4115 ab
2374 4050 2771 4115 auditoribus

389 4162 595 4227 Prisci
658 4165 955 4225 commissa
979 4208 994 4232 ,
1060 4179 1219 4244 quae
1277 4178 1474 4243 aequo
1539 4159 1751 4221 animo
1810 4155 2033 4222 tulisse
2083 4154 2391 4245 (ἕνεγκών)
2441 4161 2772 4241 narratur,

393 4269 497 4333 καὶ
551 4267 650 4331 ἐπὶ
701 4271 856 4331 πᾶσι
905 4266 973 4330 τὸ
1021 4263 1188 4343 βαθὺ
1240 4262 1684 4343 διαφυλάττων
1734 4260 1883 4337 ἦθος.

483 4372 800 4439 Similiter
869 4392 1016 4461 pag.
1095 4374 1241 4435 111.
1315 4368 1589 4451 νεώτερον
1655 4388 1767 4457 pro
1834 4368 2021 4433 κακὸν
2086 4371 2345 4456 ponitur
2412 4370 2479 4433 in
2528 4368 2772 4435 vorbis:
