3369 5142
568 317 700 386 122
1547 336 1973 391 morumne.

657 511 952 601 Thucyd.
997 510 1080 579 Π.
1133 512 1284 579 100.
1334 512 1684 594 Ἀρχέλαος
1732 515 1761 578 ὃ
1808 512 2139 595 Περδίκκου
2190 513 2377 600 [υἱὸς]
2424 512 2728 591 βασιλεὺς
2778 510 2951 590 γενδ-

567 642 770 696 μενος.
863 618 958 684 Ut
1019 618 1404 704 quibusdam
1464 618 1610 685 aliis
1655 618 1813 684 locis
1861 620 1986 693 υἱός
2035 626 2130 685 est
2182 618 2660 705 interpolatum.
2756 617 2954 683 Recte

567 747 702 812 cap.
755 723 860 791 99.
915 724 974 791 6.
1024 724 1366 806 Περδίκκας
1414 724 1823 806 Ἀλεξάνδρου
1868 726 2177 803 βασιλεὺς
2227 728 2428 792 αὐτῶν
2477 720 2567 798 ἦν.

663 938 790 1019 Qui
836 936 994 1003 olim
1042 935 1440 1025 Thucydidis
1485 937 1684 1001 libros
1730 938 1800 1000 in
1846 937 2057 1022 capita
2102 936 2583 1021 dispescuerunt
2630 956 2737 1001 eos
2774 956 2961 1021 saepe

569 1044 816 1111 videbis
878 1044 1168 1131 frangere
1220 1045 1430 1130 magis
1477 1062 1671 1127 quam
1722 1040 2006 1107 dividere
2027 1090 2045 1127 ,
2094 1042 2300 1107 veluti
2346 1042 2432 1108 H.
2486 1043 2635 1107 101.
2686 1045 2755 1106 in
2800 1040 2956 1107 fine:

568 1151 656 1217 τὰ
703 1158 892 1215 ΜΕΝ
944 1144 1041 1213 οὖν
1089 1148 1264 1215 κατὰ
1308 1151 1418 1224 τὴν
1467 1148 1782 1214 Σιτάλκου
1831 1149 2121 1227 warstan
2162 1147 2347 1221 οὕτως
2388 1149 2629 1226 ἐγένετο
2670 1153 2734 1214 et
2770 1150 2960 1215 initio

577 1277 672 1341 sq.
721 1258 986 1342 capitis:
1036 1256 1088 1320 ol
1138 1257 1216 1321 Δ’
1266 1255 1327 1320 ἐν
1371 1253 1744 1333 Ναυπάκτῳ
1791 1255 1920 1321 m.
2012 1254 2099 1319 Et
2140 1255 2261 1320 hoc
2308 1256 2569 1341 quidem
2614 1255 2752 1320 loco
2790 1252 2965 1319 Clas·

571 1383 681 1429 sen
739 1362 1052 1428 indicavit
1096 1381 1369 1427 errorem
1386 1408 1403 1439 ,
1453 1360 1566 1446 qui
1611 1358 1842 1425 multis
1888 1360 2030 1425 aliis
2072 1360 2230 1426 locis
2276 1362 2484 1427 adhuc
2528 1359 2724 1437 latet,
2770 1365 2849 1426 ut
2891 1363 2961 1425 in

570 1468 811 1537 vicinia
871 1487 1007 1553 cap.
1077 1464 1231 1532 102.
1301 1467 1388 1532 τὰ
1457 1474 1644 1531 ΜΕΝ
1713 1464 1847 1545 περὶ
1910 1468 2281 1545 Ἀλκμέωνα
2336 1449 2598 1532 τοὶαῦτοι
2646 1464 2965 1544 λεγόμεναι

572 1572 1041 1652 παρελάβομεν.
1092 1570 1398 1658 Sequitur
1445 1592 1580 1657 cap.
1635 1569 1787 1637 103.
1838 1572 1890 1636 οἱ
1938 1573 2017 1635 Δ’
2058 1573 2361 1645 Ἀθηναῖοι
2407 1574 2533 1637 κτὲ.
2576 1571 2962 1658 Saepissime

569 1683 662 1747 sic
732 1682 801 1744 in
871 1680 1152 1745 oratione
1213 1679 1558 1745 bimembri
1621 1680 1690 1743 in
1752 1678 1959 1762 priore
2017 1680 2225 1764 capite
2268 1678 2383 1758 μέν
2430 1681 2706 1766 ponitur,
2753 1680 2823 1743 in
2867 1699 2961 1744 se-

569 1787 792 1873 quenti
839 1784 904 1850 δέ
949 1786 1104 1851 satis
1149 1787 1384 1870 inepte.

665 1995 954 2083 Thucyd.
1026 1993 1110 2060 II.
1184 1992 1333 2059 102.
1408 1994 1671 2073 λέγεται
1746 1994 1809 2059 δὲ
1872 2032 1959 2045 —-
2027 1995 2130 2061 τὸν
2199 1994 2495 2061 Ἀπόλλω
2554 2032 2641 2045 --
2702 2002 2956 2076 χρῆσαι.

572 2100 962 2170 Herwerden
1011 2102 1252 2181 „mabim
1303 2101 1713 2167 ’Axdamuae’
1766 2106 1833 2167 et
1874 2106 2043 2168 recte
2081 2101 2337 2188 quidem
2358 2150 2377 2188 ‚
2414 2122 2567 2169 nam
2602 2106 2961 2170 constanter

568 2210 672 2276 τὸν
739 2191 1146 2275 ’An-damu&
1187 2207 1482 2273 dicebant
1529 2228 1747 2273 omnes
1792 2213 2237 2295 praeterquam
2280 2212 2349 2274 in
2396 2210 2461 2285 νὴ
2510 2208 2614 2274 τὸν
2663 2206 2956 2273 Ἀπόλλω

569 2321 636 2382 et
697 2315 796 2393 μὰ
859 2313 963 2378 τὸν
1026 2312 1340 2379 ‘An-dam.
1433 2312 1751 2379 Similiter
1806 2315 1909 2378 τὸν
1969 2316 2315 2381 Ποσειδῶνα.
2370 2336 2619 2400 semper
2664 2314 2957 2379 dicebant

567 2420 677 2487 sed
724 2422 790 2496 νὴ
841 2419 990 2507 (μοὶ)
1038 2420 1142 2484 τὸν
1189 2420 1474 2485 Ποσειδῶ.

657 2524 732 2592 In
791 2525 974 2594 libris
1033 2524 1405 2593 Ἀπόλλωνα.
1471 2528 1560 2592 sic
1618 2527 1923 2594 scribitur
1966 2516 2184 2597 ἅπόλέ
2228 2533 2293 2594 et
2338 2517 2558 2594 eodem
2605 2526 2796 2594 modo
2843 2530 2949 2592 τοῦ

565 2613 781 2700 aza-dai
827 2639 892 2700 et
936 2635 1019 2714 τῷ
1067 2619 1314 2712 avani,
1362 2637 1430 2700 in
1479 2656 1603 2721 quo
1650 2641 1847 2702 errari
1890 2654 2017 2701 non
2062 2640 2290 2720 potest.

1419 3256 1536 3324 AD
1583 3256 1910 3324 LIBRUM
1958 3256 2071 3324 111.

650 3468 942 3556 Thucyd.
994 3467 1098 3534 ΠΙ.
1153 3467 1216 3534 2.
1267 3470 1329 3533 2.
1377 3466 1638 3548 τοξόταις
1686 3493 1759 3534 τε
1798 3470 1903 3535 καὶ
1948 3477 2116 3535 σῖτον
2156 3468 2262 3534 καὶ
2305 3461 2351 3534 ἃ
2389 3469 2947 3548 μεταπεμπόμενοι

557 3571 735 3649 ἦσαν.
827 3573 1033 3640 Miror
1077 3593 1201 3659 quo
1246 3578 1432 3659 pacto
1481 3573 1873 3641 Herwerden
1920 3575 2075 3640 haec
2120 3575 2385 3663 probare
2429 3580 2729 3662 potuerit.
2819 3579 2947 3644 Ad-

554 3680 811 3746 scribit:
879 3680 1112 3757 „SchoL
1172 3679 1673 3758 μετεπέμποντο.
1714 3760 1721 3769 .
1760 3679 1893 3744 Vid.
1946 3679 2029 3746 II.
2081 3679 2189 3746 67.
2240 3680 2346 3745 l.’'
2395 3683 2510 3747 ubi
2557 3683 2830 3770 legitur:
2883 3681 2951 3750 οὗ

555 3781 621 3860 ἦν
670 3783 1000 3864 epate-svau.
1044 3790 1162 3848 τῶν
1214 3782 1548 3860 Ἀθηναίων
1597 3789 1966 3865 πολιορκοῦν.
2019 3791 2085 3852 et
2130 3786 2287 3852 talia
2332 3791 2588 3872 quidem
2630 3789 2818 3856 facile
2853 3797 2949 3857 est

553 3894 849 3958 sexcenta
895 3889 1230 3979 colligere.
1280 3897 1356 3957 ut
1399 3891 1483 3957 ΙΙ.
1533 3889 1642 3956 93.
1701 3891 1841 3957 οὔτε
1881 3891 2009 3970 γὰρ
2049 3893 2331 3956 ναυτικὸν
2369 3889 2435 3967 ἦν
2471 3895 2941 3976 προφυλάσσον,

550 3999 659 4065 sed
705 3997 861 4084 quid
908 3998 1062 4063 haec
1104 3996 1186 4062 ad
1228 4002 1518 4062 nostrum
1564 3995 1825 4063 locum?
1872 3996 2033 4078 Quis
2077 3998 2245 4064 vidit
2292 4019 2603 4085 umquam
2649 4001 2943 4069 huiusce·-

547 4103 727 4171 modi
784 4102 1194 4190 paraphrasin
1239 4102 1639 4188 imperfecti,
1691 4125 1755 4169 v.
1812 4125 1865 4168 c.
1910 4104 2211 4184 χρώμενοι
2263 4101 2416 4179 ἦσαν
2466 4127 2579 4193 pro
2627 4094 2941 4191 ἕχρῶντοΡ

547 4212 758 4278 Nemo
802 4208 1032 4276 hercle.
1124 4206 1399 4273 Laborat
1445 4211 1641 4274 etiam
1692 4212 2036 4276 sententia:
2086 4213 2530 4295 exspectabant
2578 4217 2751 4281 enim
2795 4216 2945 4304 My-

548 4318 887 4384 tilenenses
946 4335 1070 4380 non
1126 4339 1194 4377 ea
1249 4335 1400 4399 quae
1457 4316 1831 4381 arceeeebant
1850 4362 1883 4393 ,,
1916 4316 2027 4381 sed
2071 4339 2221 4402 quae
2266 4329 2447 4384 antea
2494 4322 2940 4388 arces-siverunt.

547 4425 770 4512 Itaque
815 4419 1284 4488 restituendum
1330 4423 1428 4488 est
1465 4431 1807 4503 μεταπΕΠ
1818 4420 2128 4490 ΘΜΜένοι
2166 4419 2353 4500 ἦσαν,
2392 4427 2559 4513 quod
2593 4432 2657 4493 et
2695 4429 2947 4498 dicendi
