3369 5142
620 300 752 368 146
1591 322 2023 372 mmmmm.

611 495 689 557 ut
749 491 1028 559 insolitis
1081 492 1540 561 vocabulorum
1599 494 1823 560 formis
1884 498 1955 560 in
2010 496 2129 562 hae
2193 492 2401 580 operis
2460 495 2641 580 parte
2692 494 2997 561 uteretur.

615 596 874 664 Novum
922 598 1084 665 dabo
1131 598 1414 665 eiusdem
1465 602 1558 667 rei
1606 600 1979 686 exemplum
2025 596 2311 668 nondum
2326 646 2345 679 ,
2396 600 2565 685 quod
2612 601 2845 678 sciam,
2895 600 3003 667 ob-

615 710 961 773 servatum.
1058 704 1243 771 Alibi
1311 712 1670 773 constanter
1733 705 2145 795 Thucydides
2206 726 2363 773 usus
2424 710 2522 773 est
2579 706 2804 773 formis
2860 726 3005 773 con·

616 813 836 877 tractis
898 814 1234 877 nominum
1297 814 1702 899 propriorum
1760 812 2191 879 desinentium
2237 814 2306 876 in
2352 816 2452 885 οῦς
2503 816 2568 879 et
2612 816 2847 898 οῦσσα,
2894 812 3003 879 sed

617 938 760 984 ecee
806 938 940 1004 cap.
993 917 1036 984 2
1083 919 1121 1003 ᾖ
1169 916 1209 983 6
1255 918 1499 1007 legitur
1547 917 1899 1002 Σολόεντα,
1949 918 2118 1004 quod
2160 940 2229 983 re
2276 940 2412 982 vera
2458 918 2537 985 ab
2583 920 2722 1005 ipso
2767 919 3007 1005 profec-

615 1029 759 1090 tum
819 1044 953 1091 esse
1019 1024 1246 1089 eod-‘m
1291 1026 1375 1089 ad
1417 1046 1600 1089 unum
1645 1046 1841 1091 onmes
1888 1031 2208 1091 taceantur.
2298 1023 2399 1091 Ex
2444 1025 2645 1091 animi
2688 1026 3004 1091 sententia

618 1128 800 1196 doleo
867 1132 1078 1197 vicem
1148 1132 1475 1216 scriptoris
1545 1128 1752 1199 Siculi
1775 1180 1791 1205 ‚
1865 1131 2035 1217 quod
2091 1129 2265 1197 male
2322 1131 2590 1198 feriatus
2648 1130 3005 1218 discipulus

615 1255 768 1302 mox
847 1237 918 1301 in
985 1237 1280 1322 antiquos
1347 1236 1634 1322 relapsus
1696 1257 1935 1304 errores
1994 1236 2381 1303 testantibus
2442 1237 2743 1303 omnibus
2818 1236 3003 1303 libris

617 1342 872 1427 scripsit
919 1347 1313 1407 Σελινοῦντα.

709 1446 810 1512 VI
871 1447 932 1523 4,
999 1445 1061 1513 3.
1135 1448 1240 1513 καὶ
1305 1458 1384 1531 τῇ
1443 1449 1558 1525 μὲν
1619 1449 1797 1514 πόλει
1846 1449 1973 1515 ἀπὸ
2022 1452 2131 1515 τοῦ
2179 1446 2349 1516 Γέλα
2396 1452 2684 1527 ποταμοῦ
2735 1446 3007 1528 τοῦνομα

622 1553 902 1634 ἐγένετο,
951 1555 1020 1620 τὸ
1068 1552 1129 1618 δὲ
1175 1556 1395 1636 χωρίον
1442 1551 1511 1622 οὗ
1551 1559 1652 1621 νῦν
1701 1556 1735 1629 ἧ
1784 1554 2024 1627 πόλις
2072 1554 2167 1624 ἒςὶ
2210 1554 2313 1620 καὶ
2354 1548 2383 1619 ὃ
2425 1560 2654 1636 πρῶτον
2692 1554 3005 1638 ἐτειχίσθη

619 1662 848 1727 Λίνδιοι
917 1668 1208 1726 καλεῖται
1278 1662 1384 1745 (ex
1456 1660 1531 1725 B.
1585 1660 1630 1726 l.
1696 1661 2084 1747 καλοῦνται).
2176 1660 2589 1749 Intelligam:
2662 1656 2730 1727 οὗ
2797 1664 2899 1726 νῦν
2971 1664 3005 1737 ἡ

618 1766 1062 1849 ἀκρόπολίς
1108 1768 1200 1835 {ee
1249 1767 1380 1833 κτὲ.
1471 1768 1606 1833 Arx
1651 1769 1826 1833 enim
1867 1769 2075 1854 prima
2121 1758 2361 1833 muniri
2406 1766 2674 1833 solebat.

711 1872 801 1938 VI
846 1872 910 1952 4,
955 1870 1016 1938 6.
1067 1873 1208 1945 τοὺς
1250 1872 1313 1938 δὲ
1353 1873 1632 1951 Σαμίους
1669 1870 2017 1951 Ἀναξίλας
2062 1873 2355 1952 Ῥηγίνων
2396 1872 2681 1953 τύραννος
2706 1873 2772 1938 οὐ
2798 1873 3009 1955 πολλῷ

625 1977 828 2058 ὕςερον
878 1978 1168 2057 ἐκβαλὼν
1214 1979 1319 2044 καὶ
1366 1980 1506 2054 τὴν
1556 1978 1796 2045 πόλιν
1844 1978 2171 2063 (Zanclen)
2215 1978 2401 2051 αὐτὸς
2442 1978 2808 2058 ξυμμίκτοον
2838 1986 3011 2061 (con-

621 2091 797 2151 stans
854 2090 1148 2154 veterum
1213 2084 1554 2152 titulorum
1601 2086 2059 2173 orthographia
2105 2084 2390 2171 postulat
2433 2081 2858 2166 ξυμμείκτων)
2903 2086 3009 2151 αν-

621 2191 861 2273 θρώπων
929 2192 1166 2263 οίκίσας
1227 2190 1559 2267 Μεσσήνην
1620 2190 1749 2257 απὸ
1812 2197 1923 2265 τῆς
1988 2190 2209 2256 ἑαυτοῦ
2270 2192 2342 2257 τὸ
2405 2191 2673 2272 οὶρχαῒον
2718 2190 3007 2270 πατρίδος

625 2298 828 2365 αὐτὸ
891 2297 1335 2375 ὠνόμασεν.
1428 2296 1536 2363 Sic
1594 2296 1811 2363 locum
1869 2318 1949 2363 ex
1992 2297 2179 2363 libris
2222 2318 2421 2383 paene
2461 2298 2761 2365 omnibus
2808 2298 3010 2365 edidit

622 2402 841 2489 Stahl,
903 2404 1178 2471 referens
1241 2401 1397 2469 αὐτό
1442 2404 1522 2469 ad
1567 2403 1790 2485 χωρίον
1834 2405 1904 2468 in
1949 2406 2335 2491 praegressis
2352 2451 2369 2483 ‚
2415 2404 2585 2490 quod
2630 2424 2866 2491 quum,
2914 2424 3011 2471 se-

623 2515 770 2578 cuto
832 2509 1060 2578 deinde
1119 2511 1231 2585 την
1296 2507 1480 2577 πόλιν
1498 2558 1516 2590 ,
1581 2507 1718 2577 fieri
1780 2514 2085 2597 nequeat,
2136 2507 2397 2577 Classen
2442 2532 2591 2578 cum
2638 2510 2787 2579 aliis
2830 2530 3008 2599 prae-

624 2618 782 2684 tulit
824 2616 1017 2683 unius
1063 2616 1298 2684 codicis
1343 2615 1424 2684 G.
1474 2615 1816 2684 lectionem
1862 2618 1907 2682 οὶ
1924 2615 2346 2695 ντωνόμασεν.
2438 2617 2563 2684 Sed
2608 2621 2784 2684 enim
2830 2619 3008 2684 ἄντο-

509 2801 515 2808 ·
625 2722 908 2806 νομαζειν
976 2743 1049 2790 eo
1096 2743 1283 2789 sensu
1298 2771 1314 2803 ,
1367 2726 1437 2789 ni
1483 2721 1671 2789 fallor
1686 2768 1705 2801 ,
1754 2724 2045 2808 exemplo
2093 2727 2265 2789 caret
2279 2770 2298 2802 ,
2348 2726 2709 2810 requirente
2756 2724 3011 2792 dicendi

623 2851 746 2898 usu
791 2855 842 2908 μ
861 2856 890 2895 ε
907 2830 1280 2908 τωνόμασεν.
1374 2828 1508 2896 Nec
1553 2834 1772 2895 tamen
1818 2828 1979 2895 αὐτό
2022 2828 2367 2896 delendum
2412 2851 2547 2896 esse
2593 2831 3006 2909 crediderim,

626 2940 778 3024 quia
836 2935 1004 3002 mihi
1059 2957 1184 3002 non
1247 2936 1558 3001 satisfacit
1621 2933 1908 3001 Classeni
1977 2935 2418 3021 interpretatio
2483 2935 2825 3002 verborum
2894 2937 3009 3012 τὴν

625 3042 805 3109 πόλιν
872 3080 953 3092 -
1013 3041 1249 3114 οἰκίσας
1314 3043 1672 3108 annotantis
1740 3039 2147 3120 ,,ξυμμίκτων
2207 3043 2529 3122 ἀνθρώπων
2589 3063 2669 3108 zu
2726 3041 2963 3115 οἰκίσας
2986 3091 3003 3120 ,

627 3149 782 3230 „das
826 3151 948 3214 wie
991 3149 1320 3228 πληρώσας
1366 3150 1713 3215 construirt
1758 3147 1901 3214 ist.”
1994 3147 2154 3214 Vide
2194 3168 2274 3214 an
2319 3146 2529 3213 deleto
2567 3147 2839 3215 articulo
2874 3167 3009 3215 eor-

622 3255 967 3344 figendum
1015 3255 1102 3319 sit
1147 3255 1251 3319 καὶ
1301 3253 1400 3320 πό
1411 3269 1538 3322 λιν
1588 3256 1777 3328 αὐτὸς
1826 3253 2224 3333 ξυμμείκτων
2272 3253 2595 3335 ἀνθρώπων
2631 3255 2869 3328 οίκίσας
2894 3253 3003 3343 (so.

622 3363 694 3430 τὸ
755 3361 1026 3447 χωρίον),
1089 3359 1421 3436 Μεσσήνην
1477 3361 1602 3426 ἀπὸ
1663 3369 1777 3437 τῆς
1841 3361 2061 3426 ἑαυτοῦ
2118 3361 2424 3441 τοὲρχαῒον
2485 3359 2778 3442 πατρίδος
2850 3359 3007 3427 αὐτὸ

623 3467 971 3547 ὠνόμασεν,
1020 3468 1116 3534 ita
1156 3472 1232 3532 ut
1279 3469 1680 3533 accusativus
1729 3465 1911 3531 πόλιν
1949 3465 2151 3543 ξυμμ.
2192 3465 2356 3547 ἄνθρ.
2399 3467 2487 3532 sit
2508 3467 3001 3552 praedicativum

622 3598 812 3665 quem
857 3578 1104 3641 veteres
1149 3573 1562 3660 grammatici
1607 3593 1721 3657 per
1764 3569 1879 3640 ὅτε
1926 3567 2082 3636 εἶναι
2124 3571 2442 3656 explicare
2488 3572 2711 3639 solent.

713 3679 804 3747 VI
851 3679 910 3756 5,
962 3678 1002 3742 3
1062 3683 1430 3764 transpone:
1491 3676 1687 3759 χρόνῳ
1754 3674 2029 3757 &repon
2076 3675 2619 3758 Ἱπποκράτης
2646 3677 2851 3754 Γέλας
2896 3679 3007 3745 τό·

622 3811 850 3872 ραννος.
941 3783 1164 3868 Inepto
1211 3784 1554 3850 verborum
1602 3783 1821 3849 ordine
1869 3782 2083 3849 editur
2126 3781 2323 3864 χρόνῳ
2368 3786 2537 3848 Ἱππ.
2590 3783 2814 3865 ὅςερον.

711 3893 803 3960 VI
863 3889 904 3959 ¹7
965 3893 1122 3956 extr.
1191 3889 1374 3970 Quod
1435 3888 1570 3953 dixi
1634 3891 1808 3954 δοκεῖ.
1864 3890 2053 3955 Thac.
2105 3887 2192 3954 32
2236 3909 2329 3974 sq.
2376 3889 2791 3956 vehementer
2836 3891 3005 3957 mihi

619 4001 912 4087 suspecta
979 4016 1114 4062 esse
1183 3995 1290 4060 hic
1361 3999 1426 4060 et
1483 3993 1641 4060 alibi
1703 3995 1897 4062 verba
1958 3993 2259 4061 ἐτελεύτα
2318 3995 2473 4076 τῷδε
2520 3987 2583 4060 ὃν
2632 3997 3005 4073 Θουκυδίδης

617 4105 1004 4187 ξυνέγραψε,
1091 4123 1236 4167 cum
1306 4101 1678 4186 praesertim
1748 4105 1889 4168 octo
1957 4099 2116 4167 locis
2184 4121 2313 4168 non
2371 4104 2769 4188 reperiantur
2788 4154 2806 4184 ,
2877 4123 3005 4171 non

616 4217 801 4280 muto
849 4209 1249 4284 sententiam,
1296 4206 1448 4272 licet
1496 4205 1682 4272 valde
1728 4209 1862 4272 iam
1902 4209 2235 4293 antiquam
2276 4208 2833 4294 interpolationem
2868 4231 3005 4278 esse

615 4323 913 4408 appareat
959 4336 1038 4380 ex
1081 4311 1288 4379 Dione
1335 4311 1795 4399 Chrysostomo
1814 4360 1831 4392 ‚
1884 4315 2070 4379 cuius
2116 4313 2251 4380 vid.
2300 4313 2407 4378 Or.
2458 4313 2626 4380 LIII.
2682 4314 2790 4381 10.

704 4424 798 4490 VI
859 4421 923 4489 9.
981 4422 1126 4486 init.
1221 4420 1295 4482 'H
1351 4417 1466 4496 μὲν
1530 4418 1834 4496 ἐκκλησία
1897 4418 2031 4500 περὶ
2082 4427 2481 4502 παρασκευῆς
2530 4427 2643 4499 τῆς
2693 4421 3003 4506 ἡμετέρας
