3369 5142
629 323 759 394 174
1566 342 1994 394 rnuornmm.

626 517 831 582 suasit
848 564 863 591 ‚
934 537 1049 582 nec
1108 516 1360 583 felicius
1420 536 1623 601 nuper
1678 515 1864 582 Stahl
1909 515 2306 582 intercidisse
2351 518 2580 583 statuit
2627 513 2713 582 ἔτι
2768 519 3019 594 μᾶλλον

632 621 765 686 ἐπεὶ
838 621 944 688 vel
1019 622 1277 688 similia.
1375 620 1533 687 Post
1602 605 1949 706 utrumque
2009 619 2265 687 Classen
2325 621 2534 688 deleto
2597 621 2821 693 αὐτοὺς
2867 627 3018 687 ante

631 737 877 806 κρατεῖν
940 748 1053 813 pro
1116 731 1579 803 καταςήσονται
1644 728 2074 812 reponendum
2135 728 2450 794 iudicavit
2503 736 2856 802 καταςῆναι
2880 777 2896 804 ,
2943 730 3016 792 in

625 839 897 919 utroque
943 855 1207 920 peccans
1270 840 1487 900 contra
1533 832 1814 901 Graecae
1859 832 2121 922 linguae
2167 835 2652 919 proprietatem,
2699 853 2864 919 quae
2903 855 3016 899 ne·

626 960 747 1026 que
808 942 1053 1024 patitur
1116 947 1190 1004 ut
1239 940 1312 1005 δι’
1363 941 1617 1012 ἑαυτοὺς
1670 977 1754 990 -
1805 939 2289 1020 προκαθημένους
2337 940 2586 1006 dicatur
2630 961 2744 1027 pro
2793 939 2894 1006 διὰ
2941 938 3014 1004 τὸ

629 1047 1042 1128 προκαθῆσθαι
1116 1045 1336 1130 (quam
1398 1045 1611 1112 simile
1674 1049 1762 1112 sit
1823 1047 1990 1131 quod
2036 1046 2148 1112 oft.
2197 1048 2332 1131 ipse
2373 1046 2649 1133 videat),
2699 1067 2903 1131 neque
2948 1047 3015 1118 ἐι,-

626 1157 893 1218 τοιοῦτον
958 1158 1314 1224 καταςῆναι
1380 1151 1566 1218 aliter
1612 1147 1907 1238 usurpari
1953 1173 2146 1237 quam
2194 1151 2272 1217 de
2315 1154 2398 1217 iis
2445 1154 2557 1238 qui
2603 1152 2682 1219 ad
2729 1152 3014 1238 aliquam

626 1261 1069 1325 necessitatem
1134 1259 1375 1324 redacti
1442 1262 1590 1324 sint.
1684 1259 1771 1323 Et
1829 1261 2182 1324 rectissime
2229 1282 2272 1322 α
2294 1259 2531 1333 ὐτοὺς
2581 1267 2832 1339 κρατεῖν
2877 1260 3008 1324 κτὲ.

624 1363 909 1450 intelligi
972 1364 1133 1429 solet
1198 1364 1329 1442 περ)
1395 1369 1510 1428 τῶν
1575 1365 1636 1428 ἐν
1684 1373 1762 1446 τῇ
1811 1364 1990 1430 πόλει
2037 1367 2151 1450 qui
2197 1371 2342 1431 ante
2387 1385 2488 1430 res
2530 1371 2817 1432 mutatas
2859 1366 3011 1431 freti

625 1470 845 1536 classis
891 1469 1219 1536 Samias-ae
1265 1471 1578 1556 praesidio
1630 1470 1731 1557 (de
1779 1471 2268 1549 προκαθημένους
2314 1472 2390 1536 cf.
2435 1470 2671 1538 Herod.
2700 1470 2852 1537 VIII
2891 1469 3008 1556 36)

624 1572 911 1654 ἐκράτουν
960 1581 1065 1640 τοῦ
1117 1578 1171 1648 ἐς
1225 1576 1331 1641 τὸν
1374 1580 1633 1655 Πειραιοῖ
1680 1575 1908 1642 ἔσπλου
1957 1577 2064 1662 (cf.
2105 1580 2270 1643 infra
2317 1575 2426 1663 90,
2475 1578 2568 1663 4),
2616 1580 2710 1643 ita
2755 1583 2831 1643 ut
2875 1585 3008 1643 tam

625 1680 757 1746 suis
828 1701 1021 1765 quam
1092 1681 1317 1748 alienis
1388 1685 1667 1770 navigiis
1727 1687 2120 1750 mercatoriis
2183 1682 2348 1749 liber
2409 1691 2573 1749 osset
2618 1684 2698 1749 ad
2745 1690 3002 1769 portum

622 1786 1022 1854 Piraeensem
1063 1788 1274 1854 aditus
1289 1809 1306 1867 ;
1350 1796 1565 1856 contra
1603 1791 1680 1854 ab
1721 1791 1941 1854 eadem
1983 1788 2180 1855 classe
2199 1839 2216 1874 ,
2256 1791 2424 1855 facta
2467 1791 2766 1872 inimica,
2821 1789 3008 1856 facile

620 1890 885 1958 Piraeus
909 1897 1084 1959 omni
1108 1897 1305 1960 maris
1328 1899 1692 1961 commeatu
1712 1894 2051 1960 intercludi
2087 1900 2352 1981 poterat.
2403 1895 2502 1961 Ne
2541 1895 2786 1962 multa:
2825 1895 3004 1962 locus

619 1997 749 2064 leni
786 2002 1141 2065 mutatione
1182 2003 1273 2066 sic
1312 1999 1698 2088 refingatur:
1740 2001 1844 2066 καὶ
1892 2001 1966 2064 δι’
2009 2000 2260 2072 ἑαυτοὺς
2305 1999 2367 2065 δὲ
2409 1999 2642 2088 (Haase
2683 2021 2796 2086 pro
2818 2001 2914 2088 τε)
2943 2002 3008 2064 ἕν

619 2113 698 2184 τῇ·
764 2105 963 2185 Σάμῳ
1026 2107 1512 2184 προκαθημένους
1577 2107 1681 2172 καὶ
1731 2106 2010 2188 πρότερον
2061 2108 2285 2179 αὐτοὺς
2337 2114 2582 2187 κρατεῖν
2630 2109 2740 2172 τοῦ
2789 2107 2850 2179 ἐς
2899 2108 3004 2172 τὸν

619 2215 875 2288 Πειραιᾶ
914 2208 1166 2290 ἔσπλου,
1209 2211 1314 2277 καὶ
1344 2218 1464 2290 νῦν,
1491 2213 1605 2298 (εἴ)
1635 2214 1696 2284 ἐς
1721 2218 1984 2278 τοιοῦτον
2010 2214 2474 2288 καταςήσονται
2502 2215 2592 2290 μη
2617 2211 3006 2289 βουλομένων

626 2315 808 2396 σφίσι
849 2313 1041 2380 πάλιν
1082 2319 1192 2391 την
1230 2320 1549 2384 πολιτείαν
1588 2319 1938 2398 ἀποδοῦναι,
1978 2319 2151 2384 αὐτοὶ
2189 2319 2581 2397 δυνατώτεροι
2605 2315 2759 2384 εἶναι
2785 2317 3006 2398 εἵργειν

620 2529 678 2594 ei
715 2529 800 2593 ad
836 2551 959 2594 eam
998 2529 1397 2595 necessitatem
1438 2532 1665 2597 redacti
1684 2531 1940 2615 fuerint
1977 2531 2312 2597 nolentibus
2335 2531 2659 2613 oliqarehis
2681 2531 3004 2614 (Athenis)

620 2635 739 2699 sibi
784 2637 1031 2700 reddere
1076 2638 1494 2702 democratiam
1515 2686 1530 2714 ‚
1574 2637 1734 2721 ipsos
1753 2639 2028 2723 facilius
2066 2638 2206 2701 illos
2245 2638 2432 2701 marie
2469 2660 2581 2700 usu
2597 2640 3004 2720 prohibituros

619 2764 792 2826 quam
836 2742 909 2805 ab
952 2742 1085 2805 ilbi«
1118 2743 1427 2825 prohiberi
1467 2751 1722 2827 possent.
1771 2742 1984 2823 Quum
2029 2745 2402 2828 praesertim
2451 2742 2627 2807 facili
2674 2763 2880 2808 errore
2923 2751 3000 2807 ΘΙ

618 2848 909 2932 periisset
956 2852 1101 2912 ante
1148 2855 1273 2923 ec,
1324 2848 1679 2935 magistelli
1727 2869 1852 2915 non
1897 2848 2332 2935 intelligentes
2377 2850 2572 2915 verba
2618 2850 2679 2921 ἐς
2717 2852 3002 2913 τοσοῦτον

620 2953 1080 3026 καταςήσονται
1134 2955 1445 3037 pertinere
1486 2954 1564 3019 ad
1604 2954 2024 3042 belligerandi
2063 2976 2212 3019 cum
2253 2955 2500 3020 civibus
2539 2958 3001 3037 necessitatem,

620 3057 699 3124 de
759 3078 873 3123 suo
934 3057 1314 3123 addiderunt
1374 3057 1488 3128 ὅςε
1510 3110 1527 3145 ,
1588 3066 1661 3125 ut
1722 3063 1910 3149 iungi
1955 3067 2164 3145 posset
2215 3065 2475 3126 τοιοῦτον
2521 3057 2635 3129 εἵς-ε
2688 3098 2768 3109 ·—
2812 3058 3001 3145 εἶναι,

620 3164 728 3229 sed
780 3165 875 3229 ita
919 3163 1204 3230 faciendo
1252 3166 1540 3231 funditus
1586 3166 1914 3252 perdidere
1961 3169 2364 3233 sententiam.

709 3266 860 3334 VIII
924 3266 1032 3353 ¹79,
1108 3270 1140 3334 1
1217 3270 1321 3335 καὶ
1394 3270 1533 3345 τοὺς
1596 3272 1938 3345 Μιλησίους
2001 3271 2156 3354 πεζῇ
2223 3271 2630 3347 κελεύσαντες
2693 3272 2824 3357 [ἐπὶ
2889 3282 2998 3347 τῆς

620 3376 962 3459 Μυκάλης]
1010 3376 1288 3458 παριέναι
1337 3374 1553 3443 ἔπλεον
1597 3381 1674 3449 ὥς
1721 3379 1869 3460 πρὸς
1915 3382 2026 3456 την
2073 3378 2402 3453 Μυκάλην.
2454 3379 2594 3460 Quo
2641 3379 2768 3446 alio
2813 3385 3002 3465 putas

618 3479 904 3546 Milesios
970 3482 1179 3546 iuberi
1250 3482 1577 3561 παριέναιῗ
1639 3483 1949 3550 Deleatur
2007 3490 2192 3569 turpe
2253 3484 2596 3551 emblema.
2693 3486 3000 3552 Eiusdem

618 3586 856 3649 tarinae
916 3591 1066 3650 sunt
1112 3608 1271 3671 quae
1319 3610 1686 3675 expungam
1735 3593 1802 3654 in
1845 3590 1949 3655 his
1992 3592 2044 3655 οἱ
2093 3589 2145 3654 δ’
2193 3588 2515 3665 Ἀθηναῖοι
2563 3599 2708 3661 ταῖς
2757 3592 2826 3655 ἐκ
2874 3591 3002 3657 Σά-

618 3712 735 3767 μου
797 3688 897 3754 δύο
959 3690 1063 3755 καὶ
1130 3691 1543 3772 ὀγδοήκοντα,
1591 3686 1661 3759 αἳ
1709 3694 1933 3774 ἔτυχον
1982 3696 2042 3759 ἕν
2089 3696 2346 3777 Γλαύκη
2392 3706 2504 3770 τῆς
2552 3696 2864 3772 Μυκάλης
2912 3697 3000 3777 ὅρ-

618 3798 846 3872 μοῦσοιι
905 3832 980 3844 -
1029 3797 1224 3877 διέχει
1293 3797 1348 3864 δ’
1414 3798 1621 3878 ὀλίγον
1678 3802 1944 3883 ταύτῃ
2011 3802 2045 3875 ἧ
2109 3800 2324 3876 Σάμος
2371 3808 2483 3875 τῆς
2531 3803 2772 3881 ἠπείρου
2825 3802 2998 3889 [πρὸς

618 3902 729 3975 την
811 3900 1145 3990 Μυκάλην]
1228 3940 1311 3953 --
1380 3907 1458 3977 ὡς
1532 3903 1687 3971 εἶδον
1757 3909 1885 3972 κτὲ.
1993 3906 2546 3973 Annotatiuncula
2613 3914 2860 3994 spectat
2925 3910 3003 3975 ad

617 4005 817 4089 ταύτῃ
838 4056 855 4091 ,
902 4008 1069 4092 quod
1116 4010 1493 4077 adverbium
1540 4012 1946 4099 magistellus
1992 4034 2250 4079 monere
2298 4014 2506 4080 voluit
2548 4017 2867 4099 pertinere
2924 4015 3002 4082 ad

618 4110 788 4195 (πρός
810 4160 827 4190 ,
894 4114 986 4179 ita
1044 4116 1155 4179 isti
1218 4115 1449 4203 solent)
1514 4118 1844 4205 Mycalen,
1893 4122 1961 4185 in
2009 4140 2082 4185 ea
2128 4122 2266 4204 ipsa
2313 4140 2380 4186 re
2423 4120 2641 4206 lapsus
2663 4172 2682 4205 ,
2727 4123 3004 4206 pertinet

616 4222 791 4287 enim
852 4218 931 4283 ad
980 4222 1270 4293 Γλαύκην
1317 4231 1429 4297 τῆς
1478 4224 1813 4299 Μυκάλης.
1883 4224 1964 4290 ·In
2012 4228 2415 4309 sequentibus
2455 4226 2558 4290 καὶ
2602 4222 2748 4305 ἅμα
2799 4226 3002 4313 (πρού-

612 4326 825 4391 σθοντο
892 4325 1017 4403 γὰρ
1084 4328 1385 4401 αὐτοὺς
1448 4331 1515 4395 ἐκ
1574 4339 1684 4405 τῆς
1735 4336 2019 4403 Μιλήτου
2069 4333 2682 4416 ναυμαχησείοντας)
2729 4334 3005 4410 προσεδέ-

616 4454 802 4515 χοντο
845 4432 947 4495 καὶ
994 4431 1097 4496 τὸν
1151 4436 1618 4521 Στρομβιχίδην
1666 4438 1736 4506 ἐκ
1781 4443 1888 4503 τοῦ
1934 4438 2403 4513 Ἑλλησπόντου
2452 4440 2630 4523 σφίσι
2683 4478 2766 4488 -
2818 4463 3000 4525 προσ-
