<?xml version="1.0" encoding="UTF-8"?>
<!DOCTYPE html PUBLIC "-//W3C//DTD XHTML 1.0 Transitional//EN"
    "http://www.w3.org/TR/xhtml1/DTD/xhtml1-transitional.dtd">
<html xmlns="http://www.w3.org/1999/xhtml" xml:lang="en" lang="en">
 <head>
  <title>
</title>
<meta http-equiv="Content-Type" content="text/html;charset=utf-8" />
  <meta name='ocr-system' content='tesseract 3.04.00' />
  <meta name='ocr-capabilities' content='ocr_page ocr_carea ocr_par ocr_line ocrx_word'/>
</head>
<body>
  <div class='ocr_page' id='page_1' title='image "./mnemosynevolume01verdgoog_0223.png"; bbox 0 0 3369 5142; ppageno 0'>
   <div class='ocr_carea' id='block_1_1' title="bbox 1339 395 2753 474">
    <p class='ocr_par' dir='ltr' id='par_1_1' title="bbox 1339 395 2753 474">
     <span class='ocr_line' id='line_1_1' title="bbox 1339 395 2753 474; baseline 0.007 -10"><span class='ocrx_word' id='word_1_1' title='bbox 1339 418 1463 467; x_wconf 75' lang='grc'><strong>1110</strong></span> <span class='ocrx_word' id='word_1_2' title='bbox 1512 417 1758 467; x_wconf 70' lang='lat' dir='ltr'><strong>cumo.</strong></span> <span class='ocrx_word' id='word_1_3' title='bbox 2623 395 2753 474; x_wconf 81' lang='lat'><strong>211</strong></span> 
     </span>
    </p>
   </div>
   <div class='ocr_carea' id='block_1_2' title="bbox 364 586 2754 780">
    <p class='ocr_par' dir='ltr' id='par_1_2' title="bbox 364 586 2754 780">
     <span class='ocr_line' id='line_1_2' title="bbox 368 586 2754 681; baseline 0.003 -27"><span class='ocrx_word' id='word_1_4' title='bbox 368 588 543 655; x_wconf 83' lang='lat' dir='ltr'><strong>ditus</strong></span> <span class='ocrx_word' id='word_1_5' title='bbox 604 588 798 655; x_wconf 85' lang='lat' dir='ltr'><strong>frater</strong></span> <span class='ocrx_word' id='word_1_6' title='bbox 852 589 991 652; x_wconf 87' lang='lat' dir='ltr'><strong>eius</strong></span> <span class='ocrx_word' id='word_1_7' title='bbox 1049 587 1126 652; x_wconf 92' lang='lat' dir='ltr'><strong>de</strong></span> <span class='ocrx_word' id='word_1_8' title='bbox 1187 586 1283 653; x_wconf 83' lang='lat' dir='ltr'><strong>M.</strong></span> <span class='ocrx_word' id='word_1_9' title='bbox 1350 588 1569 656; x_wconf 85' lang='lat' dir='ltr'><strong>Caelio</strong></span> <span class='ocrx_word' id='word_1_10' title='bbox 1615 593 1946 658; x_wconf 87' lang='lat' dir='ltr'><strong>existimet</strong></span> <span class='ocrx_word' id='word_1_11' title='bbox 1992 614 2068 658; x_wconf 89' lang='lat' dir='ltr'><strong>ex</strong></span> <span class='ocrx_word' id='word_1_12' title='bbox 2117 595 2273 679; x_wconf 92' lang='lat' dir='ltr'><strong>ipsis</strong></span> <span class='ocrx_word' id='word_1_13' title='bbox 2289 641 2308 672; x_wconf 90' lang='lat'><em>,</em></span> <span class='ocrx_word' id='word_1_14' title='bbox 2357 596 2416 660; x_wconf 88' lang='lat' dir='ltr'><strong>si</strong></span> <span class='ocrx_word' id='word_1_15' title='bbox 2459 595 2754 681; x_wconf 88' lang='lat' dir='ltr'><strong>producti</strong></span> 
     </span>
     <span class='ocr_line' id='line_1_3' title="bbox 364 693 971 780; baseline -0.005 -19"><span class='ocrx_word' id='word_1_16' title='bbox 364 701 553 761; x_wconf 89' lang='lat' dir='ltr'><strong>erunt</strong></span> <span class='ocrx_word' id='word_1_17' title='bbox 572 745 590 780; x_wconf 88' lang='lat'>,</span> <span class='ocrx_word' id='word_1_18' title='bbox 637 693 971 761; x_wconf 83' lang='lat' dir='ltr'><strong>audietis.”</strong></span> 
     </span>
    </p>
   </div>
   <div class='ocr_carea' id='block_1_3' title="bbox 458 801 2848 888">
    <p class='ocr_par' dir='ltr' id='par_1_3' title="bbox 458 801 2848 888">
     <span class='ocr_line' id='line_1_4' title="bbox 458 801 2848 888; baseline 0.005 -22"><span class='ocrx_word' id='word_1_19' title='bbox 458 801 755 888; x_wconf 85' lang='lat' dir='ltr'><strong>Spatium</strong></span> <span class='ocrx_word' id='word_1_20' title='bbox 817 821 1095 869; x_wconf 85' lang='lat' dir='ltr'><strong>vacuum</strong></span> <span class='ocrx_word' id='word_1_21' title='bbox 1170 807 1443 888; x_wconf 87' lang='lat' dir='ltr'><strong>quatuor</strong></span> <span class='ocrx_word' id='word_1_22' title='bbox 1484 815 1810 868; x_wconf 80' lang='lat' dir='ltr'><strong>&#39;versuum</strong></span> <span class='ocrx_word' id='word_1_23' title='bbox 1877 811 1942 871; x_wconf 92' lang='lat' dir='ltr'><strong>et</strong></span> <span class='ocrx_word' id='word_1_24' title='bbox 2002 807 2259 873; x_wconf 89' lang='lat' dir='ltr'><strong>dimidii</strong></span> <span class='ocrx_word' id='word_1_25' title='bbox 2329 810 2396 872; x_wconf 89' lang='lat' dir='ltr'><strong>in</strong></span> <span class='ocrx_word' id='word_1_26' title='bbox 2466 808 2756 876; x_wconf 80' lang='lat' dir='ltr'>Parisino</span> <span class='ocrx_word' id='word_1_27' title='bbox 2842 819 2848 824; x_wconf 84' lang='lat'>&#39;</span> 
     </span>
    </p>
   </div>
   <div class='ocr_carea' id='block_1_4' title="bbox 348 907 2759 4594">
    <p class='ocr_par' dir='ltr' id='par_1_4' title="bbox 354 907 2759 2798">
     <span class='ocr_line' id='line_1_5' title="bbox 372 907 2759 1001; baseline 0.004 -29"><span class='ocrx_word' id='word_1_28' title='bbox 372 911 719 975; x_wconf 81' lang='lat' dir='ltr'><strong>recentiore</strong></span> <span class='ocrx_word' id='word_1_29' title='bbox 780 929 977 973; x_wconf 88' lang='lat' dir='ltr'><strong>manu</strong></span> <span class='ocrx_word' id='word_1_30' title='bbox 1038 911 1275 992; x_wconf 87' lang='lat' dir='ltr'><strong>partim</strong></span> <span class='ocrx_word' id='word_1_31' title='bbox 1323 907 1651 994; x_wconf 90' lang='lat' dir='ltr'><strong>expletum</strong></span> <span class='ocrx_word' id='word_1_32' title='bbox 1700 917 1830 996; x_wconf 89' lang='lat' dir='ltr'><strong>est,</strong></span> <span class='ocrx_word' id='word_1_33' title='bbox 1878 912 2054 978; x_wconf 87' lang='lat' dir='ltr'><strong>aliud</strong></span> <span class='ocrx_word' id='word_1_34' title='bbox 2101 912 2615 1001; x_wconf 88' lang='lat' dir='ltr'><strong>supplementum</strong></span> <span class='ocrx_word' id='word_1_35' title='bbox 2662 921 2759 982; x_wconf 90' lang='lat' dir='ltr'><strong>est</strong></span> 
     </span>
     <span class='ocr_line' id='line_1_6' title="bbox 368 1013 2757 1106; baseline 0.004 -29"><span class='ocrx_word' id='word_1_36' title='bbox 368 1015 435 1078; x_wconf 92' lang='lat' dir='ltr'><strong>in</strong></span> <span class='ocrx_word' id='word_1_37' title='bbox 488 1013 568 1090; x_wconf 79' lang='lat' dir='ltr'><strong>S,</strong></span> <span class='ocrx_word' id='word_1_38' title='bbox 619 1015 696 1079; x_wconf 90' lang='lat' dir='ltr'><strong>de</strong></span> <span class='ocrx_word' id='word_1_39' title='bbox 744 1034 869 1099; x_wconf 90' lang='lat' dir='ltr'><strong>quo</strong></span> <span class='ocrx_word' id='word_1_40' title='bbox 918 1019 1257 1100; x_wconf 80' lang='lat' dir='ltr'><strong>antequam</strong></span> <span class='ocrx_word' id='word_1_41' title='bbox 1309 1014 1450 1080; x_wconf 89' lang='lat' dir='ltr'><strong>dico</strong></span> <span class='ocrx_word' id='word_1_42' title='bbox 1498 1015 2020 1082; x_wconf 90' lang='lat' dir='ltr'><strong>considerandum</strong></span> <span class='ocrx_word' id='word_1_43' title='bbox 2071 1025 2198 1105; x_wconf 84' lang='lat' dir='ltr'><strong>est,</strong></span> <span class='ocrx_word' id='word_1_44' title='bbox 2245 1041 2405 1106; x_wconf 91' lang='lat' dir='ltr'><strong>quae</strong></span> <span class='ocrx_word' id='word_1_45' title='bbox 2443 1023 2757 1086; x_wconf 88' lang='lat' dir='ltr'><strong>sententia</strong></span> 
     </span>
     <span class='ocr_line' id='line_1_7' title="bbox 368 1113 2754 1206; baseline 0.004 -23"><span class='ocrx_word' id='word_1_46' title='bbox 368 1119 721 1185; x_wconf 87' lang='lat' dir='ltr'><strong>secundum</strong></span> <span class='ocrx_word' id='word_1_47' title='bbox 790 1141 1027 1185; x_wconf 88' lang='lat' dir='ltr'><strong>nexum</strong></span> <span class='ocrx_word' id='word_1_48' title='bbox 1100 1121 1478 1206; x_wconf 89' lang='lat' dir='ltr'><strong>postuletur.</strong></span> <span class='ocrx_word' id='word_1_49' title='bbox 1573 1121 1730 1186; x_wconf 91' lang='lat' dir='ltr'><strong>Post</strong></span> <span class='ocrx_word' id='word_1_50' title='bbox 1798 1113 2094 1190; x_wconf 87' lang='lat' dir='ltr'><strong>lacunam</strong></span> <span class='ocrx_word' id='word_1_51' title='bbox 2156 1146 2306 1191; x_wconf 89' lang='lat' dir='ltr'><strong>cum</strong></span> <span class='ocrx_word' id='word_1_52' title='bbox 2369 1126 2447 1192; x_wconf 87' lang='lat' dir='ltr'><strong>de</strong></span> <span class='ocrx_word' id='word_1_53' title='bbox 2509 1126 2754 1193; x_wconf 86' lang='lat' dir='ltr'><strong>duobus</strong></span> 
     </span>
     <span class='ocr_line' id='line_1_8' title="bbox 369 1225 2751 1304; baseline 0.004 -16"><span class='ocrx_word' id='word_1_54' title='bbox 369 1225 675 1290; x_wconf 85' lang='lat' dir='ltr'><strong>fratribus</strong></span> <span class='ocrx_word' id='word_1_55' title='bbox 730 1246 939 1292; x_wconf 88' lang='lat' dir='ltr'><strong>sermo</strong></span> <span class='ocrx_word' id='word_1_56' title='bbox 1002 1229 1120 1304; x_wconf 91' lang='lat' dir='ltr'><strong>sit,</strong></span> <span class='ocrx_word' id='word_1_57' title='bbox 1185 1227 1299 1292; x_wconf 89' lang='lat' dir='ltr'><strong>hos</strong></span> <span class='ocrx_word' id='word_1_58' title='bbox 1363 1227 1611 1292; x_wconf 85' lang='lat' dir='ltr'><strong>eosdem</strong></span> <span class='ocrx_word' id='word_1_59' title='bbox 1682 1250 1816 1294; x_wconf 90' lang='lat' dir='ltr'><strong>esse</strong></span> <span class='ocrx_word' id='word_1_60' title='bbox 1872 1231 2120 1297; x_wconf 89' lang='lat' dir='ltr'><strong>credere</strong></span> <span class='ocrx_word' id='word_1_61' title='bbox 2175 1232 2480 1298; x_wconf 90' lang='lat' dir='ltr'><strong>debemus</strong></span> <span class='ocrx_word' id='word_1_62' title='bbox 2527 1231 2751 1298; x_wconf 81' lang='lat' dir='ltr'><strong>Titum</strong></span> 
     </span>
     <span class='ocr_line' id='line_1_9' title="bbox 370 1327 2752 1418; baseline 0.002 -20"><span class='ocrx_word' id='word_1_63' title='bbox 370 1327 774 1417; x_wconf 81' lang='lat' dir='ltr'><strong>Gaiumque,</strong></span> <span class='ocrx_word' id='word_1_64' title='bbox 846 1333 955 1418; x_wconf 91' lang='lat' dir='ltr'><strong>qui</strong></span> <span class='ocrx_word' id='word_1_65' title='bbox 1024 1338 1169 1399; x_wconf 88' lang='lat' dir='ltr'><strong>ante</strong></span> <span class='ocrx_word' id='word_1_66' title='bbox 1237 1332 1533 1399; x_wconf 81' lang='lat' dir='ltr'><strong>lacunam</strong></span> <span class='ocrx_word' id='word_1_67' title='bbox 1601 1342 2066 1416; x_wconf 87' lang='lat' dir='ltr'><strong>memorentur;</strong></span> <span class='ocrx_word' id='word_1_68' title='bbox 2135 1359 2287 1402; x_wconf 85' lang='lat' dir='ltr'><strong>nam</strong></span> <span class='ocrx_word' id='word_1_69' title='bbox 2357 1339 2435 1404; x_wconf 93' lang='lat' dir='ltr'><strong>de</strong></span> <span class='ocrx_word' id='word_1_70' title='bbox 2504 1337 2752 1405; x_wconf 89' lang='lat' dir='ltr'><strong>duobus</strong></span> 
     </span>
     <span class='ocr_line' id='line_1_10' title="bbox 370 1437 2752 1524; baseline 0.003 -22"><span class='ocrx_word' id='word_1_71' title='bbox 370 1437 639 1503; x_wconf 86' lang='lat' dir='ltr'><strong>fratrum</strong></span> <span class='ocrx_word' id='word_1_72' title='bbox 706 1440 966 1524; x_wconf 86' lang='lat' dir='ltr'><strong>paribus</strong></span> <span class='ocrx_word' id='word_1_73' title='bbox 1028 1460 1378 1505; x_wconf 89' lang='lat' dir='ltr'><strong>sermonem</strong></span> <span class='ocrx_word' id='word_1_74' title='bbox 1444 1440 1668 1518; x_wconf 86' lang='lat' dir='ltr'><strong>fuisse,</strong></span> <span class='ocrx_word' id='word_1_75' title='bbox 1733 1463 1924 1508; x_wconf 88' lang='lat' dir='ltr'><strong>nemo</strong></span> <span class='ocrx_word' id='word_1_76' title='bbox 1989 1442 2220 1509; x_wconf 85' lang='lat' dir='ltr'><strong>credat.</strong></span> <span class='ocrx_word' id='word_1_77' title='bbox 2318 1441 2487 1509; x_wconf 84' lang='lat' dir='ltr'><strong>Cum</strong></span> <span class='ocrx_word' id='word_1_78' title='bbox 2533 1450 2752 1510; x_wconf 87' lang='lat' dir='ltr'><strong>autem</strong></span> 
     </span>
     <span class='ocr_line' id='line_1_11' title="bbox 372 1544 2748 1635; baseline 0.003 -27"><span class='ocrx_word' id='word_1_79' title='bbox 372 1547 715 1628; x_wconf 88' lang='lat' dir='ltr'><strong>posteriore</strong></span> <span class='ocrx_word' id='word_1_80' title='bbox 774 1544 911 1610; x_wconf 91' lang='lat' dir='ltr'><strong>loco</strong></span> <span class='ocrx_word' id='word_1_81' title='bbox 976 1546 1052 1610; x_wconf 92' lang='lat' dir='ltr'><strong>de</strong></span> <span class='ocrx_word' id='word_1_82' title='bbox 1099 1552 1368 1630; x_wconf 88' lang='lat' dir='ltr'><strong>utroque</strong></span> <span class='ocrx_word' id='word_1_83' title='bbox 1415 1549 1755 1630; x_wconf 88' lang='lat' dir='ltr'><strong>separatim</strong></span> <span class='ocrx_word' id='word_1_84' title='bbox 1805 1552 2046 1614; x_wconf 88' lang='lat' dir='ltr'><strong>mentio</strong></span> <span class='ocrx_word' id='word_1_85' title='bbox 2093 1547 2206 1612; x_wconf 90' lang='lat' dir='ltr'><strong>fiat</strong></span> <span class='ocrx_word' id='word_1_86' title='bbox 2253 1549 2440 1635; x_wconf 86' lang='lat' dir='ltr'><strong>(,‚aut</strong></span> <span class='ocrx_word' id='word_1_87' title='bbox 2484 1549 2588 1614; x_wconf 90' lang='lat' dir='ltr'><strong>hic</strong></span> <span class='ocrx_word' id='word_1_88' title='bbox 2635 1556 2748 1616; x_wconf 89' lang='lat' dir='ltr'><strong>aut</strong></span> 
     </span>
     <span class='ocr_line' id='line_1_12' title="bbox 364 1649 2747 1738; baseline 0.003 -23"><span class='ocrx_word' id='word_1_89' title='bbox 364 1649 616 1736; x_wconf 59' lang='lat' dir='ltr'><strong>stater-&#39;7</strong></span> <span class='ocrx_word' id='word_1_90' title='bbox 681 1654 772 1716; x_wconf 89' lang='lat' dir='ltr'><strong>sic</strong></span> <span class='ocrx_word' id='word_1_91' title='bbox 834 1661 911 1716; x_wconf 88' lang='lat' dir='ltr'><strong>ut</strong></span> <span class='ocrx_word' id='word_1_92' title='bbox 971 1652 1049 1716; x_wconf 91' lang='lat' dir='ltr'><strong>de</strong></span> <span class='ocrx_word' id='word_1_93' title='bbox 1114 1653 1311 1716; x_wconf 87' lang='lat' dir='ltr'><strong>altero</strong></span> <span class='ocrx_word' id='word_1_94' title='bbox 1374 1651 1577 1715; x_wconf 87' lang='lat' dir='ltr'><strong>fusius</strong></span> <span class='ocrx_word' id='word_1_95' title='bbox 1636 1654 1701 1715; x_wconf 94' lang='lat' dir='ltr'><strong>in</strong></span> <span class='ocrx_word' id='word_1_96' title='bbox 1749 1653 2092 1738; x_wconf 81' lang='lat' dir='ltr'><strong>deperditis</strong></span> <span class='ocrx_word' id='word_1_97' title='bbox 2139 1659 2356 1720; x_wconf 86' lang='lat' dir='ltr'><strong>actum</strong></span> <span class='ocrx_word' id='word_1_98' title='bbox 2403 1654 2595 1720; x_wconf 84' lang='lat' dir='ltr'><strong>fuerit</strong></span> <span class='ocrx_word' id='word_1_99' title='bbox 2614 1705 2632 1732; x_wconf 88' lang='lat'><strong>,</strong></span> <span class='ocrx_word' id='word_1_100' title='bbox 2683 1662 2747 1721; x_wconf 93' lang='lat' dir='ltr'><strong>et</strong></span> 
     </span>
     <span class='ocr_line' id='line_1_13' title="bbox 368 1757 2749 1846; baseline 0.002 -26"><span class='ocrx_word' id='word_1_101' title='bbox 368 1777 591 1822; x_wconf 88' lang='lat' dir='ltr'><strong>rursus</strong></span> <span class='ocrx_word' id='word_1_102' title='bbox 663 1758 740 1823; x_wconf 89' lang='lat' dir='ltr'><strong>ad</strong></span> <span class='ocrx_word' id='word_1_103' title='bbox 809 1758 1033 1823; x_wconf 90' lang='lat' dir='ltr'><strong>ambos</strong></span> <span class='ocrx_word' id='word_1_104' title='bbox 1096 1757 1683 1822; x_wconf 89' lang='lat' dir='ltr'><strong>commemorandos</strong></span> <span class='ocrx_word' id='word_1_105' title='bbox 1756 1762 2058 1824; x_wconf 79' lang='lat' dir='ltr'><strong>transitus</strong></span> <span class='ocrx_word' id='word_1_106' title='bbox 2128 1765 2418 1845; x_wconf 89' lang='lat' dir='ltr'><strong>paretur,</strong></span> <span class='ocrx_word' id='word_1_107' title='bbox 2490 1766 2749 1846; x_wconf 87' lang='lat' dir='ltr'><strong>apparet</strong></span> 
     </span>
     <span class='ocr_line' id='line_1_14' title="bbox 366 1861 2748 1952; baseline 0.001 -25"><span class='ocrx_word' id='word_1_108' title='bbox 366 1863 562 1928; x_wconf 81' lang='lat' dir='ltr'><strong>verba</strong></span> <span class='ocrx_word' id='word_1_109' title='bbox 625 1867 963 1952; x_wconf 81' lang='lat' dir='ltr'><strong>„cognitus</strong></span> <span class='ocrx_word' id='word_1_110' title='bbox 1028 1861 1491 1928; x_wconf 86' lang='lat' dir='ltr'><strong>Alexandriae”</strong></span> <span class='ocrx_word' id='word_1_111' title='bbox 1541 1866 1918 1947; x_wconf 83' lang='lat' dir='ltr'><strong>pertinuisse</strong></span> <span class='ocrx_word' id='word_1_112' title='bbox 1966 1865 2046 1930; x_wconf 88' lang='lat' dir='ltr'><strong>ad</strong></span> <span class='ocrx_word' id='word_1_113' title='bbox 2093 1865 2610 1930; x_wconf 87' lang='lat' dir='ltr'><strong>consuetudinem</strong></span> <span class='ocrx_word' id='word_1_114' title='bbox 2659 1865 2748 1930; x_wconf 90' lang='lat' dir='ltr'><strong>al-</strong></span> 
     </span>
     <span class='ocr_line' id='line_1_15' title="bbox 365 1969 2749 2058; baseline 0.002 -27"><span class='ocrx_word' id='word_1_115' title='bbox 365 1970 565 2034; x_wconf 88' lang='lat' dir='ltr'><strong>terius</strong></span> <span class='ocrx_word' id='word_1_116' title='bbox 628 1991 776 2035; x_wconf 91' lang='lat' dir='ltr'><strong>cum</strong></span> <span class='ocrx_word' id='word_1_117' title='bbox 822 1970 1029 2035; x_wconf 92' lang='lat' dir='ltr'><strong>Dione</strong></span> <span class='ocrx_word' id='word_1_118' title='bbox 1077 1969 1574 2034; x_wconf 80' lang='lat' dir='ltr'><strong>describendam.</strong></span> <span class='ocrx_word' id='word_1_119' title='bbox 1669 1969 1867 2036; x_wconf 88' lang='lat' dir='ltr'><strong>Porro</strong></span> <span class='ocrx_word' id='word_1_120' title='bbox 1915 1969 2409 2058; x_wconf 79' lang='lat' dir='ltr'><strong>significandum</strong></span> <span class='ocrx_word' id='word_1_121' title='bbox 2454 1976 2589 2038; x_wconf 86' lang='lat' dir='ltr'><strong>erat</strong></span> <span class='ocrx_word' id='word_1_122' title='bbox 2635 1993 2749 2036; x_wconf 91' lang='lat' dir='ltr'><strong>cur</strong></span> 
     </span>
     <span class='ocr_line' id='line_1_16' title="bbox 368 2074 2750 2161; baseline 0.001 -22"><span class='ocrx_word' id='word_1_123' title='bbox 368 2074 801 2141; x_wconf 74' lang='lat' dir='ltr'><strong>adulescentes</strong></span> <span class='ocrx_word' id='word_1_124' title='bbox 859 2075 1005 2142; x_wconf 92' lang='lat' dir='ltr'><strong>illos</strong></span> <span class='ocrx_word' id='word_1_125' title='bbox 1069 2074 1477 2161; x_wconf 89' lang='lat' dir='ltr'><strong>potissimum</strong></span> <span class='ocrx_word' id='word_1_126' title='bbox 1538 2081 1998 2160; x_wconf 80' lang='lat' dir='ltr'><strong>antestaretur,</strong></span> <span class='ocrx_word' id='word_1_127' title='bbox 2043 2077 2248 2144; x_wconf 83' lang='lat' dir='ltr'><strong>veluti</strong></span> <span class='ocrx_word' id='word_1_128' title='bbox 2293 2097 2398 2144; x_wconf 88' lang='lat' dir='ltr'><strong>eos</strong></span> <span class='ocrx_word' id='word_1_129' title='bbox 2443 2098 2480 2143; x_wconf 91' lang='grc'><strong>8</strong></span> <span class='ocrx_word' id='word_1_130' title='bbox 2525 2077 2750 2144; x_wconf 90' lang='lat' dir='ltr'><strong>Dionis</strong></span> 
     </span>
     <span class='ocr_line' id='line_1_17' title="bbox 362 2179 2743 2261; baseline 0.002 -16"><span class='ocrx_word' id='word_1_131' title='bbox 362 2179 559 2246; x_wconf 88' lang='lat' dir='ltr'><strong>latere</strong></span> <span class='ocrx_word' id='word_1_132' title='bbox 602 2202 728 2247; x_wconf 93' lang='lat' dir='ltr'><strong>non</strong></span> <span class='ocrx_word' id='word_1_133' title='bbox 776 2181 1147 2259; x_wconf 82' lang='lat' dir='ltr'><strong>decessisse,</strong></span> <span class='ocrx_word' id='word_1_134' title='bbox 1199 2181 1351 2246; x_wconf 89' lang='lat' dir='ltr'><strong>dum</strong></span> <span class='ocrx_word' id='word_1_135' title='bbox 1392 2179 1635 2248; x_wconf 87' lang='lat' dir='ltr'><strong>Romae</strong></span> <span class='ocrx_word' id='word_1_136' title='bbox 1676 2189 1874 2260; x_wconf 89' lang='lat' dir='ltr'><strong>esset,</strong></span> <span class='ocrx_word' id='word_1_137' title='bbox 1911 2189 2025 2249; x_wconf 87' lang='lat' dir='ltr'><strong>aut</strong></span> <span class='ocrx_word' id='word_1_138' title='bbox 2063 2183 2356 2249; x_wconf 86' lang='lat' dir='ltr'><strong>Asicium</strong></span> <span class='ocrx_word' id='word_1_139' title='bbox 2397 2205 2743 2261; x_wconf 81' lang='lat' dir='ltr'><strong>accusasse,</strong></span> 
     </span>
     <span class='ocr_line' id='line_1_18' title="bbox 362 2288 2743 2374; baseline 0.001 -22"><span class='ocrx_word' id='word_1_140' title='bbox 362 2295 476 2352; x_wconf 88' lang='lat' dir='ltr'><strong>aut</strong></span> <span class='ocrx_word' id='word_1_141' title='bbox 522 2296 740 2354; x_wconf 90' lang='lat' dir='ltr'><strong>contra</strong></span> <span class='ocrx_word' id='word_1_142' title='bbox 787 2290 1073 2353; x_wconf 90' lang='lat' dir='ltr'><strong>Asicium</strong></span> <span class='ocrx_word' id='word_1_143' title='bbox 1128 2289 1568 2353; x_wconf 88' lang='lat' dir='ltr'><strong>testimonium</strong></span> <span class='ocrx_word' id='word_1_144' title='bbox 1618 2288 1872 2354; x_wconf 80' lang='lat' dir='ltr'><strong>dixisse.</strong></span> <span class='ocrx_word' id='word_1_145' title='bbox 1921 2288 2044 2355; x_wconf 86' lang='lat' dir='ltr'><strong>Sed</strong></span> <span class='ocrx_word' id='word_1_146' title='bbox 2089 2292 2201 2374; x_wconf 90' lang='lat' dir='ltr'><strong>qui</strong></span> <span class='ocrx_word' id='word_1_147' title='bbox 2236 2289 2392 2355; x_wconf 85' lang='lat' dir='ltr'><strong>haec</strong></span> <span class='ocrx_word' id='word_1_148' title='bbox 2430 2293 2497 2354; x_wconf 91' lang='lat' dir='ltr'><strong>in</strong></span> <span class='ocrx_word' id='word_1_149' title='bbox 2539 2290 2743 2367; x_wconf 73' lang='lat' dir='ltr'><strong>codd„</strong></span> 
     </span>
     <span class='ocr_line' id='line_1_19' title="bbox 358 2392 2743 2479; baseline 0.002 -23"><span class='ocrx_word' id='word_1_150' title='bbox 358 2401 495 2458; x_wconf 88' lang='lat' dir='ltr'><strong>tam</strong></span> <span class='ocrx_word' id='word_1_151' title='bbox 556 2393 630 2458; x_wconf 92' lang='lat' dir='ltr'><strong>P.</strong></span> <span class='ocrx_word' id='word_1_152' title='bbox 698 2414 888 2479; x_wconf 87' lang='lat' dir='ltr'><strong>quam</strong></span> <span class='ocrx_word' id='word_1_153' title='bbox 939 2393 1025 2471; x_wconf 67' lang='lat' dir='ltr'><strong>S„</strong></span> <span class='ocrx_word' id='word_1_154' title='bbox 1076 2392 1400 2478; x_wconf 86' lang='lat' dir='ltr'><strong>supplevit</strong></span> <span class='ocrx_word' id='word_1_155' title='bbox 1444 2393 1599 2458; x_wconf 88' lang='lat' dir='ltr'><strong>hacc</strong></span> <span class='ocrx_word' id='word_1_156' title='bbox 1646 2414 1770 2459; x_wconf 90' lang='lat' dir='ltr'><strong>non</strong></span> <span class='ocrx_word' id='word_1_157' title='bbox 1817 2394 2272 2461; x_wconf 81' lang='lat' dir='ltr'><strong>animadvertit</strong></span> <span class='ocrx_word' id='word_1_158' title='bbox 2317 2395 2425 2460; x_wconf 88' lang='lat' dir='ltr'><strong>sed</strong></span> <span class='ocrx_word' id='word_1_159' title='bbox 2475 2395 2743 2462; x_wconf 90' lang='lat' dir='ltr'><strong>credidit</strong></span> 
     </span>
     <span class='ocr_line' id='line_1_20' title="bbox 361 2497 2736 2587; baseline 0.002 -25"><span class='ocrx_word' id='word_1_160' title='bbox 361 2497 543 2583; x_wconf 86' lang='lat' dir='ltr'><strong>falso,</strong></span> <span class='ocrx_word' id='word_1_161' title='bbox 594 2503 659 2564; x_wconf 89' lang='lat' dir='ltr'><strong>in</strong></span> <span class='ocrx_word' id='word_1_162' title='bbox 706 2503 1014 2587; x_wconf 86' lang='lat' dir='ltr'><strong>proximis</strong></span> <span class='ocrx_word' id='word_1_163' title='bbox 1060 2499 1259 2564; x_wconf 80' lang='lat' dir='ltr'><strong>fuisse</strong></span> <span class='ocrx_word' id='word_1_164' title='bbox 1307 2499 1383 2564; x_wconf 92' lang='lat' dir='ltr'><strong>de</strong></span> <span class='ocrx_word' id='word_1_165' title='bbox 1430 2499 1703 2564; x_wconf 89' lang='lat' dir='ltr'><strong>Lucceio</strong></span> <span class='ocrx_word' id='word_1_166' title='bbox 1751 2520 2124 2566; x_wconf 87' lang='lat' dir='ltr'><strong>sermonem.</strong></span> <span class='ocrx_word' id='word_1_167' title='bbox 2193 2499 2521 2566; x_wconf 86' lang='lat' dir='ltr'><strong>Parisinus</strong></span> <span class='ocrx_word' id='word_1_168' title='bbox 2567 2505 2736 2566; x_wconf 89' lang='lat' dir='ltr'><strong>enim</strong></span> 
     </span>
     <span class='ocr_line' id='line_1_21' title="bbox 359 2605 2733 2693; baseline 0.002 -24"><span class='ocrx_word' id='word_1_169' title='bbox 359 2605 553 2671; x_wconf 90' lang='lat' dir='ltr'><strong>habet</strong></span> <span class='ocrx_word' id='word_1_170' title='bbox 615 2628 811 2671; x_wconf 89' lang='lat' dir='ltr'><strong>manu</strong></span> <span class='ocrx_word' id='word_1_171' title='bbox 876 2608 1217 2672; x_wconf 84' lang='lat' dir='ltr'><strong>recentiore</strong></span> <span class='ocrx_word' id='word_1_172' title='bbox 1265 2606 1501 2671; x_wconf 89' lang='lat' dir='ltr'><strong>saeculi</strong></span> <span class='ocrx_word' id='word_1_173' title='bbox 1548 2605 1644 2670; x_wconf 89' lang='lat' dir='ltr'><strong>XI</strong></span> <span class='ocrx_word' id='word_1_174' title='bbox 1690 2606 1795 2671; x_wconf 84' lang='lat' dir='ltr'><strong>vel</strong></span> <span class='ocrx_word' id='word_1_175' title='bbox 1839 2605 1970 2671; x_wconf 87' lang='lat' dir='ltr'><strong>XII</strong></span> <span class='ocrx_word' id='word_1_176' title='bbox 2017 2609 2178 2693; x_wconf 87' lang='lat' dir='ltr'><strong>(ipse</strong></span> <span class='ocrx_word' id='word_1_177' title='bbox 2221 2607 2386 2673; x_wconf 82' lang='lat' dir='ltr'><strong>liber</strong></span> <span class='ocrx_word' id='word_1_178' title='bbox 2430 2612 2526 2673; x_wconf 90' lang='lat' dir='ltr'><strong>est</strong></span> <span class='ocrx_word' id='word_1_179' title='bbox 2569 2629 2733 2674; x_wconf 87' lang='lat' dir='ltr'><strong>saec.</strong></span> 
     </span>
     <span class='ocr_line' id='line_1_22' title="bbox 354 2700 1420 2798; baseline 0 -23"><span class='ocrx_word' id='word_1_180' title='bbox 354 2710 453 2775; x_wconf 88' lang='lat' dir='ltr'><strong>IX</strong></span> <span class='ocrx_word' id='word_1_181' title='bbox 498 2700 827 2798; x_wconf 79' lang='lat' dir='ltr'><strong>exeuntis)‘</strong></span> <span class='ocrx_word' id='word_1_182' title='bbox 863 2713 1019 2777; x_wconf 89' lang='lat' dir='ltr'><strong>haec</strong></span> <span class='ocrx_word' id='word_1_183' title='bbox 1066 2714 1420 2796; x_wconf 87' lang='lat' dir='ltr'><strong>adscripta:</strong></span> 
     </span>
    </p>

    <p class='ocr_par' dir='ltr' id='par_1_5' title="bbox 348 2817 2740 3749">
     <span class='ocr_line' id='line_1_23' title="bbox 454 2817 2739 2908; baseline 0.001 -26"><span class='ocrx_word' id='word_1_184' title='bbox 454 2819 670 2894; x_wconf 87' lang='lat' dir='ltr'><strong>„omni</strong></span> <span class='ocrx_word' id='word_1_185' title='bbox 716 2829 795 2882; x_wconf 78' lang='lat' dir='ltr'><strong>ou</strong></span> <span class='ocrx_word' id='word_1_186' title='bbox 844 2817 1127 2883; x_wconf 89' lang='lat' dir='ltr'><strong>doctrina</strong></span> <span class='ocrx_word' id='word_1_187' title='bbox 1176 2817 1369 2883; x_wconf 86' lang='lat' dir='ltr'><strong>homo</strong></span> <span class='ocrx_word' id='word_1_188' title='bbox 1416 2823 1608 2903; x_wconf 85' lang='lat' dir='ltr'><strong>atque</strong></span> <span class='ocrx_word' id='word_1_189' title='bbox 1644 2819 2103 2898; x_wconf 89' lang='lat' dir='ltr'><strong>humanitatis,</strong></span> <span class='ocrx_word' id='word_1_190' title='bbox 2144 2824 2220 2884; x_wconf 67' lang='lat' dir='ltr'><strong>tsi</strong></span> <span class='ocrx_word' id='word_1_191' title='bbox 2241 2822 2439 2885; x_wconf 87' lang='lat' dir='ltr'><strong>etiam</strong></span> <span class='ocrx_word' id='word_1_192' title='bbox 2461 2819 2739 2908; x_wconf 89' lang='lat' dir='ltr'><strong>hospitio</strong></span> 
     </span>
     <span class='ocr_line' id='line_1_24' title="bbox 358 2922 2732 3001; baseline 0.001 -13"><span class='ocrx_word' id='word_1_193' title='bbox 358 2922 565 2989; x_wconf 89' lang='lat' dir='ltr'><strong>dionis</strong></span> <span class='ocrx_word' id='word_1_194' title='bbox 604 2924 979 2988; x_wconf 90' lang='lat' dir='ltr'><strong>tenebantur</strong></span> <span class='ocrx_word' id='word_1_195' title='bbox 1016 2923 1346 2989; x_wconf 84' lang='lat' dir='ltr'><strong>habitabat</strong></span> <span class='ocrx_word' id='word_1_196' title='bbox 1384 2926 1441 2987; x_wconf 87' lang='lat' dir='ltr'><strong>is</strong></span> <span class='ocrx_word' id='word_1_197' title='bbox 1463 2925 1629 3001; x_wconf 77' lang='lat' dir='ltr'><strong>apud</strong></span> <span class='ocrx_word' id='word_1_198' title='bbox 1654 2924 1680 2989; x_wconf 90' lang='lat'>1</span> <span class='ocrx_word' id='word_1_199' title='bbox 1704 2924 1951 2989; x_wconf 76' lang='lat' dir='ltr'><strong>lucceifi</strong></span> <span class='ocrx_word' id='word_1_200' title='bbox 1977 2933 2051 2991; x_wconf 90' lang='lat' dir='ltr'><strong>ut</strong></span> <span class='ocrx_word' id='word_1_201' title='bbox 2075 2927 2374 3000; x_wconf 89' lang='lat' dir='ltr'><strong>audistis,</strong></span> <span class='ocrx_word' id='word_1_202' title='bbox 2403 2924 2608 2992; x_wconf 76' lang='lat' dir='ltr'><strong>fuerat</strong></span> <span class='ocrx_word' id='word_1_203' title='bbox 2632 2928 2732 2991; x_wconf 90' lang='lat' dir='ltr'><strong>ei”</strong></span> 
     </span>
     <span class='ocr_line' id='line_1_25' title="bbox 353 3029 2740 3118; baseline 0.001 -24"><span class='ocrx_word' id='word_1_204' title='bbox 353 3035 429 3094; x_wconf 90' lang='lat' dir='ltr'><strong>ut</strong></span> <span class='ocrx_word' id='word_1_205' title='bbox 478 3037 726 3107; x_wconf 89' lang='lat' dir='ltr'><strong>tamen,</strong></span> <span class='ocrx_word' id='word_1_206' title='bbox 781 3036 989 3095; x_wconf 90' lang='lat' dir='ltr'><strong>totum</strong></span> <span class='ocrx_word' id='word_1_207' title='bbox 1037 3032 1314 3114; x_wconf 89' lang='lat' dir='ltr'><strong>spatium</strong></span> <span class='ocrx_word' id='word_1_208' title='bbox 1362 3050 1486 3094; x_wconf 88' lang='lat' dir='ltr'><strong>non</strong></span> <span class='ocrx_word' id='word_1_209' title='bbox 1534 3029 1863 3115; x_wconf 88' lang='lat' dir='ltr'><strong>expletum</strong></span> <span class='ocrx_word' id='word_1_210' title='bbox 1917 3034 2020 3095; x_wconf 90' lang='lat' dir='ltr'><strong>sit.</strong></span> <span class='ocrx_word' id='word_1_211' title='bbox 2083 3030 2486 3097; x_wconf 87' lang='lat' dir='ltr'><strong>Lacunarum</strong></span> <span class='ocrx_word' id='word_1_212' title='bbox 2532 3034 2740 3118; x_wconf 87' lang='lat' dir='ltr'><strong>spatia</strong></span> 
     </span>
     <span class='ocr_line' id='line_1_26' title="bbox 351 3134 2736 3222; baseline 0.001 -21"><span class='ocrx_word' id='word_1_213' title='bbox 351 3135 598 3201; x_wconf 86' lang='lat' dir='ltr'><strong>librarii</strong></span> <span class='ocrx_word' id='word_1_214' title='bbox 644 3156 767 3200; x_wconf 89' lang='lat' dir='ltr'><strong>non</strong></span> <span class='ocrx_word' id='word_1_215' title='bbox 815 3136 1059 3200; x_wconf 87' lang='lat' dir='ltr'><strong>maiora</strong></span> <span class='ocrx_word' id='word_1_216' title='bbox 1104 3134 1345 3199; x_wconf 84' lang='lat' dir='ltr'><strong>faciunt</strong></span> <span class='ocrx_word' id='word_1_217' title='bbox 1383 3155 1575 3219; x_wconf 87' lang='lat' dir='ltr'><strong>quam</strong></span> <span class='ocrx_word' id='word_1_218' title='bbox 1613 3156 1774 3220; x_wconf 86' lang='lat' dir='ltr'><strong>quae</strong></span> <span class='ocrx_word' id='word_1_219' title='bbox 1814 3135 2215 3209; x_wconf 84' lang='lat' dir='ltr'><strong>exciderunt.</strong></span> <span class='ocrx_word' id='word_1_220' title='bbox 2259 3158 2443 3222; x_wconf 88' lang='lat' dir='ltr'><strong>saepe</strong></span> <span class='ocrx_word' id='word_1_221' title='bbox 2468 3140 2736 3204; x_wconf 85' lang='lat' dir='ltr'><strong>minora.</strong></span> 
     </span>
     <span class='ocr_line' id='line_1_27' title="bbox 350 3239 2738 3329; baseline 0.001 -24"><span class='ocrx_word' id='word_1_222' title='bbox 350 3241 547 3307; x_wconf 91' lang='lat' dir='ltr'><strong>Plura</strong></span> <span class='ocrx_word' id='word_1_223' title='bbox 608 3244 811 3329; x_wconf 82' lang='lat' dir='ltr'><strong>igitur</strong></span> <span class='ocrx_word' id='word_1_224' title='bbox 871 3240 1257 3307; x_wconf 87' lang='lat' dir='ltr'><strong>exciderunt.</strong></span> <span class='ocrx_word' id='word_1_225' title='bbox 1354 3239 1854 3328; x_wconf 80' lang='lat' dir='ltr'><strong>Salisburgensis</strong></span> <span class='ocrx_word' id='word_1_226' title='bbox 1901 3242 1979 3305; x_wconf 88' lang='lat' dir='ltr'><strong>ab</strong></span> <span class='ocrx_word' id='word_1_227' title='bbox 2027 3243 2212 3307; x_wconf 90' lang='lat' dir='ltr'><strong>initio</strong></span> <span class='ocrx_word' id='word_1_228' title='bbox 2260 3248 2324 3307; x_wconf 91' lang='lat' dir='ltr'><strong>et</strong></span> <span class='ocrx_word' id='word_1_229' title='bbox 2368 3246 2512 3328; x_wconf 91' lang='lat' dir='ltr'><strong>post</strong></span> <span class='ocrx_word' id='word_1_230' title='bbox 2567 3248 2738 3309; x_wconf 79' lang='lat' dir='ltr'><strong>omni</strong></span> 
     </span>
     <span class='ocr_line' id='line_1_28' title="bbox 349 3345 2738 3437; baseline 0.001 -26"><span class='ocrx_word' id='word_1_231' title='bbox 349 3346 542 3411; x_wconf 90' lang='lat' dir='ltr'><strong>habet</strong></span> <span class='ocrx_word' id='word_1_232' title='bbox 602 3346 845 3433; x_wconf 87' lang='lat' dir='ltr'><strong>aliquot</strong></span> <span class='ocrx_word' id='word_1_233' title='bbox 906 3345 1250 3422; x_wconf 88' lang='lat' dir='ltr'><strong>vocabula,</strong></span> <span class='ocrx_word' id='word_1_234' title='bbox 1302 3367 1461 3431; x_wconf 88' lang='lat' dir='ltr'><strong>quae</strong></span> <span class='ocrx_word' id='word_1_235' title='bbox 1508 3348 1575 3410; x_wconf 90' lang='lat' dir='ltr'><strong>in</strong></span> <span class='ocrx_word' id='word_1_236' title='bbox 1622 3345 1696 3409; x_wconf 93' lang='lat' dir='ltr'><strong>P.</strong></span> <span class='ocrx_word' id='word_1_237' title='bbox 1745 3346 2214 3431; x_wconf 77' lang='lat' dir='ltr'><strong>desiderantur,</strong></span> <span class='ocrx_word' id='word_1_238' title='bbox 2263 3350 2382 3411; x_wconf 88' lang='lat' dir='ltr'><strong>sic:</strong></span> <span class='ocrx_word' id='word_1_239' title='bbox 2453 3352 2738 3437; x_wconf 77' lang='lat' dir='ltr'><strong>„ceponii</strong></span> 
     </span>
     <span class='ocr_line' id='line_1_29' title="bbox 350 3452 2734 3539; baseline 0 -22"><span class='ocrx_word' id='word_1_240' title='bbox 350 3455 462 3539; x_wconf 80' lang='lat' dir='ltr'><strong>qui</strong></span> <span class='ocrx_word' id='word_1_241' title='bbox 520 3476 594 3517; x_wconf 74' lang='lat' dir='ltr'><strong>ex</strong></span> <span class='ocrx_word' id='word_1_242' title='bbox 653 3454 940 3518; x_wconf 76' lang='lat' dir='ltr'><strong>omnibus</strong></span> <span class='ocrx_word' id='word_1_243' title='bbox 1002 3456 1271 3517; x_wconf 75' lang='lat' dir='ltr'><strong>maxime</strong></span> <span class='ocrx_word' id='word_1_244' title='bbox 1316 3455 1517 3517; x_wconf 77' lang='lat' dir='ltr'><strong>dionis</strong></span> <span class='ocrx_word' id='word_1_245' title='bbox 1564 3466 1828 3517; x_wconf 81' lang='lat' dir='ltr'><strong>mortem</strong></span> <span class='ocrx_word' id='word_1_246' title='bbox 1872 3452 2198 3518; x_wconf 77' lang='lat' dir='ltr'><strong>doluerumt</strong></span> <span class='ocrx_word' id='word_1_247' title='bbox 2243 3456 2354 3539; x_wconf 76' lang='lat' dir='ltr'><strong>qui</strong></span> <span class='ocrx_word' id='word_1_248' title='bbox 2396 3473 2546 3517; x_wconf 88' lang='lat' dir='ltr'><strong>cum</strong></span> <span class='ocrx_word' id='word_1_249' title='bbox 2591 3453 2734 3518; x_wconf 83' lang='lat' dir='ltr'><strong>doc-</strong></span> 
     </span>
     <span class='ocr_line' id='line_1_30' title="bbox 348 3558 2731 3643; baseline 0.002 -22"><span class='ocrx_word' id='word_1_250' title='bbox 348 3560 553 3623; x_wconf 84' lang='lat' dir='ltr'><strong>trinae</strong></span> <span class='ocrx_word' id='word_1_251' title='bbox 600 3559 812 3623; x_wconf 90' lang='lat' dir='ltr'><strong>studio</strong></span> <span class='ocrx_word' id='word_1_252' title='bbox 859 3564 1048 3643; x_wconf 86' lang='lat' dir='ltr'><strong>atque</strong></span> <span class='ocrx_word' id='word_1_253' title='bbox 1096 3559 1517 3627; x_wconf 88' lang='lat' dir='ltr'><strong>humanitatis</strong></span> <span class='ocrx_word' id='word_1_254' title='bbox 1548 3565 1706 3624; x_wconf 90' lang='lat' dir='ltr'><strong>-tum</strong></span> <span class='ocrx_word' id='word_1_255' title='bbox 1753 3562 1948 3625; x_wconf 88' lang='lat' dir='ltr'><strong>etiam</strong></span> <span class='ocrx_word' id='word_1_256' title='bbox 1995 3558 2271 3643; x_wconf 89' lang='lat' dir='ltr'><strong>hospitio</strong></span> <span class='ocrx_word' id='word_1_257' title='bbox 2317 3558 2524 3624; x_wconf 89' lang='lat' dir='ltr'><strong>dionis</strong></span> <span class='ocrx_word' id='word_1_258' title='bbox 2561 3564 2731 3625; x_wconf 87' lang='lat' dir='ltr'><strong>tene-</strong></span> 
     </span>
     <span class='ocr_line' id='line_1_31' title="bbox 351 3664 2469 3749; baseline 0 -21"><span class='ocrx_word' id='word_1_259' title='bbox 351 3664 585 3728; x_wconf 85' lang='lat' dir='ltr'><strong>bantur</strong></span> <span class='ocrx_word' id='word_1_260' title='bbox 630 3664 959 3728; x_wconf 86' lang='lat' dir='ltr'><strong>habitabat</strong></span> <span class='ocrx_word' id='word_1_261' title='bbox 1003 3666 1059 3729; x_wconf 89' lang='lat' dir='ltr'><strong>is</strong></span> <span class='ocrx_word' id='word_1_262' title='bbox 1107 3664 1272 3749; x_wconf 87' lang='lat' dir='ltr'><strong>apud</strong></span> <span class='ocrx_word' id='word_1_263' title='bbox 1323 3664 1604 3729; x_wconf 89' lang='lat' dir='ltr'><strong>luceium</strong></span> <span class='ocrx_word' id='word_1_264' title='bbox 1657 3672 1729 3729; x_wconf 86' lang='lat' dir='ltr'><strong>ut</strong></span> <span class='ocrx_word' id='word_1_265' title='bbox 1776 3664 2042 3730; x_wconf 88' lang='lat' dir='ltr'><strong>audistis</strong></span> <span class='ocrx_word' id='word_1_266' title='bbox 2089 3666 2296 3730; x_wconf 85' lang='lat' dir='ltr'><strong>fuerat</strong></span> <span class='ocrx_word' id='word_1_267' title='bbox 2343 3664 2469 3731; x_wconf 88' lang='lat' dir='ltr'><strong>ei.”</strong></span> 
     </span>
    </p>

    <p class='ocr_par' dir='ltr' id='par_1_6' title="bbox 349 3767 2734 4594">
     <span class='ocr_line' id='line_1_32' title="bbox 442 3767 2728 3837; baseline 0.002 -4"><span class='ocrx_word' id='word_1_268' title='bbox 442 3768 733 3835; x_wconf 85' lang='lat' dir='ltr'><strong>Subduxi</strong></span> <span class='ocrx_word' id='word_1_269' title='bbox 814 3767 1042 3835; x_wconf 82' lang='lat' dir='ltr'><strong>Salisb.</strong></span> <span class='ocrx_word' id='word_1_270' title='bbox 1114 3769 1567 3835; x_wconf 87' lang='lat' dir='ltr'><strong>additamenta.</strong></span> <span class='ocrx_word' id='word_1_271' title='bbox 1664 3770 1991 3835; x_wconf 87' lang='lat' dir='ltr'><strong>Librarius</strong></span> <span class='ocrx_word' id='word_1_272' title='bbox 2067 3774 2376 3837; x_wconf 86' lang='lat' dir='ltr'><strong>recentior</strong></span> <span class='ocrx_word' id='word_1_273' title='bbox 2453 3770 2728 3837; x_wconf 86' lang='lat' dir='ltr'><strong>Parisini</strong></span> 
     </span>
     <span class='ocr_line' id='line_1_33' title="bbox 349 3876 2728 3963; baseline 0.002 -22"><span class='ocrx_word' id='word_1_274' title='bbox 349 3896 476 3941; x_wconf 87' lang='lat' dir='ltr'><strong>uno</strong></span> <span class='ocrx_word' id='word_1_275' title='bbox 546 3882 759 3941; x_wconf 87' lang='lat' dir='ltr'><strong>tenore</strong></span> <span class='ocrx_word' id='word_1_276' title='bbox 822 3876 1071 3959; x_wconf 87' lang='lat' dir='ltr'><strong>scripsit</strong></span> <span class='ocrx_word' id='word_1_277' title='bbox 1134 3879 1303 3940; x_wconf 85' lang='lat' dir='ltr'><strong>omm‘</strong></span> <span class='ocrx_word' id='word_1_278' title='bbox 1360 3900 1497 3941; x_wconf 83' lang='lat' dir='ltr'><strong>cum</strong></span> <span class='ocrx_word' id='word_1_279' title='bbox 1522 3924 1537 3951; x_wconf 91' lang='lat'><strong>,</strong></span> <span class='ocrx_word' id='word_1_280' title='bbox 1588 3878 1850 3963; x_wconf 84' lang='lat' dir='ltr'><strong>sig-num</strong></span> <span class='ocrx_word' id='word_1_281' title='bbox 1897 3876 2160 3943; x_wconf 87' lang='lat' dir='ltr'><strong>lacunae</strong></span> <span class='ocrx_word' id='word_1_282' title='bbox 2205 3880 2372 3943; x_wconf 86' lang='lat' dir='ltr'><strong>inter</strong></span> <span class='ocrx_word' id='word_1_283' title='bbox 2416 3877 2572 3943; x_wconf 87' lang='lat' dir='ltr'><strong>haec</strong></span> <span class='ocrx_word' id='word_1_284' title='bbox 2617 3898 2728 3945; x_wconf 83' lang='lat' dir='ltr'><strong>vo-</strong></span> 
     </span>
     <span class='ocr_line' id='line_1_34' title="bbox 351 3978 2729 4067; baseline 0.001 -20"><span class='ocrx_word' id='word_1_285' title='bbox 351 3980 579 4047; x_wconf 86' lang='lat' dir='ltr'><strong>cabula</strong></span> <span class='ocrx_word' id='word_1_286' title='bbox 625 3978 794 4045; x_wconf 89' lang='lat' dir='ltr'><strong>male</strong></span> <span class='ocrx_word' id='word_1_287' title='bbox 842 3982 1163 4046; x_wconf 86' lang='lat' dir='ltr'><strong>omittens.</strong></span> <span class='ocrx_word' id='word_1_288' title='bbox 1257 3980 1605 4065; x_wconf 87' lang='lat' dir='ltr'><strong>Utriusque</strong></span> <span class='ocrx_word' id='word_1_289' title='bbox 1654 3982 1888 4047; x_wconf 90' lang='lat' dir='ltr'><strong>codicis</strong></span> <span class='ocrx_word' id='word_1_290' title='bbox 1933 3982 2454 4067; x_wconf 88' lang='lat' dir='ltr'><strong>supplementum</strong></span> <span class='ocrx_word' id='word_1_291' title='bbox 2494 3983 2729 4050; x_wconf 84' lang='lat' dir='ltr'><strong>falsum</strong></span> 
     </span>
     <span class='ocr_line' id='line_1_35' title="bbox 350 4084 2727 4174; baseline 0.001 -23"><span class='ocrx_word' id='word_1_292' title='bbox 350 4094 475 4171; x_wconf 91' lang='lat' dir='ltr'><strong>est;</strong></span> <span class='ocrx_word' id='word_1_293' title='bbox 548 4087 659 4153; x_wconf 88' lang='lat' dir='ltr'><strong>sed</strong></span> <span class='ocrx_word' id='word_1_294' title='bbox 726 4106 851 4151; x_wconf 91' lang='lat' dir='ltr'><strong>non</strong></span> <span class='ocrx_word' id='word_1_295' title='bbox 924 4085 1050 4151; x_wconf 87' lang='lat' dir='ltr'><strong>dici</strong></span> <span class='ocrx_word' id='word_1_296' title='bbox 1109 4091 1316 4169; x_wconf 88' lang='lat' dir='ltr'><strong>potest</strong></span> <span class='ocrx_word' id='word_1_297' title='bbox 1383 4084 1886 4174; x_wconf 80' lang='lat' dir='ltr'><strong>Salisburgensis</strong></span> <span class='ocrx_word' id='word_1_298' title='bbox 1946 4107 2024 4152; x_wconf 85' lang='lat' dir='ltr'><strong>ex</strong></span> <span class='ocrx_word' id='word_1_299' title='bbox 2081 4087 2371 4153; x_wconf 89' lang='lat' dir='ltr'><strong>Parisino</strong></span> <span class='ocrx_word' id='word_1_300' title='bbox 2417 4098 2530 4153; x_wconf 89' lang='lat' dir='ltr'><strong>aut</strong></span> <span class='ocrx_word' id='word_1_301' title='bbox 2575 4088 2727 4154; x_wconf 89' lang='lat' dir='ltr'><strong>huic</strong></span> 
     </span>
     <span class='ocr_line' id='line_1_36' title="bbox 350 4190 2722 4277; baseline 0.001 -21"><span class='ocrx_word' id='word_1_302' title='bbox 350 4191 550 4257; x_wconf 89' lang='lat' dir='ltr'><strong>simili</strong></span> <span class='ocrx_word' id='word_1_303' title='bbox 626 4190 789 4257; x_wconf 87' lang='lat' dir='ltr'><strong>libro</strong></span> <span class='ocrx_word' id='word_1_304' title='bbox 866 4190 1198 4277; x_wconf 88' lang='lat' dir='ltr'><strong>suppletus</strong></span> <span class='ocrx_word' id='word_1_305' title='bbox 1272 4212 1403 4257; x_wconf 89' lang='lat' dir='ltr'><strong>esse</strong></span> <span class='ocrx_word' id='word_1_306' title='bbox 1420 4210 1437 4267; x_wconf 87' lang='grc'><strong>;</strong></span> <span class='ocrx_word' id='word_1_307' title='bbox 1504 4200 1673 4257; x_wconf 84' lang='lat' dir='ltr'><strong>certe</strong></span> <span class='ocrx_word' id='word_1_308' title='bbox 1735 4191 1930 4276; x_wconf 86' lang='lat' dir='ltr'><strong>liber,</strong></span> <span class='ocrx_word' id='word_1_309' title='bbox 2003 4213 2193 4277; x_wconf 89' lang='lat' dir='ltr'><strong>quem</strong></span> <span class='ocrx_word' id='word_1_310' title='bbox 2261 4197 2722 4277; x_wconf 83' lang='lat' dir='ltr'><strong>transscripsit,</strong></span> 
     </span>
     <span class='ocr_line' id='line_1_37' title="bbox 354 4294 2726 4383; baseline 0.001 -22"><span class='ocrx_word' id='word_1_311' title='bbox 354 4296 825 4383; x_wconf 80' lang='lat' dir='ltr'><strong>diligentiorem</strong></span> <span class='ocrx_word' id='word_1_312' title='bbox 888 4296 1161 4361; x_wconf 85' lang='lat' dir='ltr'><strong>habebat</strong></span> <span class='ocrx_word' id='word_1_313' title='bbox 1219 4294 1594 4361; x_wconf 83' lang='lat' dir='ltr'><strong>lacunarum</strong></span> <span class='ocrx_word' id='word_1_314' title='bbox 1642 4300 2070 4381; x_wconf 82' lang='lat' dir='ltr'><strong>notationem,</strong></span> <span class='ocrx_word' id='word_1_315' title='bbox 2121 4297 2224 4364; x_wconf 85' lang='lat' dir='ltr'><strong>sed</strong></span> <span class='ocrx_word' id='word_1_316' title='bbox 2274 4297 2550 4363; x_wconf 87' lang='lat' dir='ltr'><strong>habebat</strong></span> <span class='ocrx_word' id='word_1_317' title='bbox 2592 4302 2726 4364; x_wconf 88' lang='lat' dir='ltr'><strong>iam</strong></span> 
     </span>
     <span class='ocr_line' id='line_1_38' title="bbox 356 4402 2730 4489; baseline 0 -21"><span class='ocrx_word' id='word_1_318' title='bbox 356 4402 620 4468; x_wconf 88' lang='lat' dir='ltr'><strong>eandem</strong></span> <span class='ocrx_word' id='word_1_319' title='bbox 666 4402 1219 4487; x_wconf 89' lang='lat' dir='ltr'><strong>interpolationem</strong></span> <span class='ocrx_word' id='word_1_320' title='bbox 1264 4408 1407 4486; x_wconf 91' lang='lat' dir='ltr'><strong>post</strong></span> <span class='ocrx_word' id='word_1_321' title='bbox 1452 4406 1625 4468; x_wconf 80' lang='lat' dir='ltr'><strong>omni</strong></span> <span class='ocrx_word' id='word_1_322' title='bbox 1668 4452 1683 4465; x_wconf 92' lang='lat'><strong>.</strong></span> <span class='ocrx_word' id='word_1_323' title='bbox 1715 4451 1730 4466; x_wconf 89' lang='lat'><strong>.</strong></span> <span class='ocrx_word' id='word_1_324' title='bbox 1761 4452 1775 4465; x_wconf 92' lang='lat'><strong>.</strong></span> <span class='ocrx_word' id='word_1_325' title='bbox 1825 4428 1981 4468; x_wconf 78' lang='lat' dir='ltr'><strong>cum.</strong></span> <span class='ocrx_word' id='word_1_326' title='bbox 2030 4404 2206 4469; x_wconf 85' lang='lat' dir='ltr'><strong>Male</strong></span> <span class='ocrx_word' id='word_1_327' title='bbox 2251 4410 2570 4489; x_wconf 87' lang='lat' dir='ltr'><strong>postrema</strong></span> <span class='ocrx_word' id='word_1_328' title='bbox 2612 4402 2730 4471; x_wconf 89' lang='lat' dir='ltr'><strong>illa</strong></span> 
     </span>
     <span class='ocr_line' id='line_1_39' title="bbox 354 4506 2734 4594; baseline 0.002 -21"><span class='ocrx_word' id='word_1_329' title='bbox 354 4529 489 4574; x_wconf 89' lang='lat' dir='ltr'><strong>esse</strong></span> <span class='ocrx_word' id='word_1_330' title='bbox 546 4508 814 4574; x_wconf 88' lang='lat' dir='ltr'><strong>conflata</strong></span> <span class='ocrx_word' id='word_1_331' title='bbox 860 4508 1043 4574; x_wconf 87' lang='lat' dir='ltr'><strong>docet</strong></span> <span class='ocrx_word' id='word_1_332' title='bbox 1088 4520 1221 4573; x_wconf 82' lang='lat' dir='ltr'><strong>tam</strong></span> <span class='ocrx_word' id='word_1_333' title='bbox 1270 4507 1436 4592; x_wconf 90' lang='lat' dir='ltr'><strong>quod</strong></span> <span class='ocrx_word' id='word_1_334' title='bbox 1483 4507 1559 4573; x_wconf 92' lang='lat' dir='ltr'><strong>de</strong></span> <span class='ocrx_word' id='word_1_335' title='bbox 1604 4506 1877 4574; x_wconf 87' lang='lat' dir='ltr'><strong>Lucceio</strong></span> <span class='ocrx_word' id='word_1_336' title='bbox 1923 4530 2115 4594; x_wconf 89' lang='lat' dir='ltr'><strong>supra</strong></span> <span class='ocrx_word' id='word_1_337' title='bbox 2159 4508 2329 4594; x_wconf 87' lang='lat' dir='ltr'><strong>dixi,</strong></span> <span class='ocrx_word' id='word_1_338' title='bbox 2375 4529 2570 4594; x_wconf 88' lang='lat' dir='ltr'><strong>quam</strong></span> <span class='ocrx_word' id='word_1_339' title='bbox 2616 4508 2734 4577; x_wconf 86' lang='lat' dir='ltr'><strong>illa</strong></span> 
     </span>
    </p>
   </div>
  </div>
 </body>
</html>
