3369 5142
1394 363 1780 424 comeonsis.
2694 341 2777 422 37

392 547 572 629 Φεῑν·
606 545 708 614 ἐπὶ
747 551 854 612 τοῦ
893 547 1002 620 τὴν
1042 547 1258 627 ψυχὴν
1296 548 1572 630 ἕκροφεῖν
1609 547 1709 613 διὰ
1751 551 1951 612 κακῶν
1992 529 2328 624 παρουσίαν
2354 547 2387 620 ἦ
2415 544 2769 626 τραγῳδία.

393 654 422 720 ὃ
469 655 534 720 δὲ
579 654 846 720 Πλοὶτων
891 655 1056 739 ἰδίως,
1099 654 1199 718 ἐπὶ
1240 652 1391 720 οίνου
1431 655 1534 720 διὰ
1572 657 1817 735 ψυχροῦ
1845 652 2161 729 πινομένου
2185 649 2449 726 τίθησιν.
2499 649 2769 717 Interest

393 759 636 846 aliquid
695 781 767 826 ac
825 747 1108 826 multum
1158 761 1414 845 quidem
1462 763 1630 825 inter
1673 763 1882 840 ῥοφεῖν
1928 764 1992 823 et
2039 757 2313 837 ἕκροΦεῖν
2359 777 2477 822 nec
2522 762 2767 838 ψυχορ-

392 873 600 946 ροφεῖν
641 886 952 951 umquam
999 869 1068 930 in
1118 866 1444 953 tragoedia
1491 864 1594 931 vel
1640 863 1797 930 alibi
1842 867 2224 950 usurpatum
2268 865 2573 929 invenias.
2641 860 2767 928 Sed

393 969 618 1036 doctus
676 973 1143 1059 grammaticus
1203 971 1518 1049 confudit,
1585 973 1688 1035 uti
1750 969 1961 1048 vides,
2010 973 2435 1049 ψυχορραγεῖν
2482 967 2651 1053 quod
2697 968 2776 1033 de

393 1076 793 1142 moribundis
855 1079 923 1142 in
984 1098 1106 1141 usu
1169 1081 1298 1154 est,
1364 1083 1428 1142 et
1487 1082 1973 1158 ψυχρορροφεῖν,
2038 1095 2190 1140 nam
2236 1075 2328 1139 sic
2373 1075 2775 1139 scribendum

394 1187 493 1250 est
509 1231 528 1267 ,
572 1183 741 1269 quod
785 1182 1254 1248 demonstratur
1298 1181 1594 1269 analogia
1639 1180 1977 1248 verborum
2024 1185 2473 1262 ψυχρολουτεῖν
2493 1228 2510 1251 .
2558 1175 2781 1258 θερμο-

395 1295 633 1354 λουτεῖν
653 1335 670 1367 ,
743 1288 1035 1354 aliorum.
1130 1288 1402 1354 Ponitur
1470 1292 1687 1355 autem
1758 1287 1877 1353 hoo
1939 1288 2209 1353 verbum
2272 1306 2396 1351 non
2460 1285 2559 1350 ἐπ’
2626 1286 2777 1349 οἵνου

396 1393 527 1460 διὰ
595 1398 840 1475 ψυχροῦ
910 1393 1228 1470 πινομένου
1299 1399 1366 1460 et
1425 1392 1636 1460 multo
1705 1395 1922 1459 minus
1983 1393 2084 1456 ἐπ’
2149 1391 2277 1457 όνου
2326 1389 2489 1470 ’ὕδωρ
2534 1391 2778 1472 ψυχρὸν

393 1502 702 1578 πίνοντος,
774 1522 934 1588 quae
1002 1500 1283 1567 Bekkeri
1342 1503 1702 1566 coniectura
1762 1503 1828 1564 in
1890 1501 2112 1585 paucis
2170 1497 2442 1564 ridicula
2487 1502 2617 1581 est,
2666 1497 2777 1562 sed

397 1607 492 1673 ἐπ’
551 1605 707 1673 οἴνου
768 1609 961 1672 λίαν
1017 1611 1262 1688 ψυχροῦ
1311 1605 1644 1684 πινομένου.
1742 1604 1993 1670 Morem
2042 1604 2532 1670 Atheniensium
2578 1623 2769 1688 quem

393 1716 644 1780 notavit
709 1713 1016 1780 Isocrates
1083 1715 1152 1777 in
1222 1713 1514 1777 Antidosi
1574 1713 1610 1796 ᾖ
1671 1709 1841 1786 287,
1909 1711 2063 1776 salis
2120 1712 2441 1775 novimus.
2537 1706 2776 1774 Scribit

393 1815 763 1885 Athenaeus
823 1817 919 1884 III
979 1840 1040 1905 p.
1109 1816 1242 1883 124
1287 1816 1378 1882 D:
1441 1815 1530 1882 ὅτι
1577 1817 1642 1882 δὲ
1690 1817 1795 1882 καὶ
1844 1817 1947 1880 τὸν
1994 1811 2141 1881 οἶνον
2188 1813 2422 1894 ἔψυχον
2471 1814 2616 1895 ὑπὲρ
2661 1817 2770 1879 τοῦ

394 1923 769 2007 ψυχρότερον
815 1925 1003 1990 αὐτὸν
1049 1925 1277 2000 πίνειν,
1328 1923 1637 2004 Στράττις
1687 1921 1876 2006 <pne-iv
1924 1923 1985 1986 ἕν
2036 1929 2422 2003 Ψυχαςαῖς·

1581 2024 1729 2094 οἶνον
1776 2029 1901 2107 γὰρ
1948 2035 2109 2094 πιεῖν

763 2136 884 2204 οὐδ’
929 2136 1006 2202 ἂν
1053 2131 1137 2210 εἷς
1186 2135 1427 2215 δέξαιτο
1474 2136 1721 2216 θερμόν,
1770 2133 1946 2200 ἄλλα
1995 2136 2155 2200 πολὺ
2204 2135 2549 2201 τούναντίον

762 2244 1120 2324 ψυχόμενον
1168 2244 1229 2308 ἕν
1274 2244 1360 2323 τῷ
1404 2242 1631 2323 Φρέατι
1681 2241 1787 2308 καὶ
1834 2241 1998 2322 χιόνι
2045 2240 2449 2319 μεμιγμένον.

395 2347 696 2416 Solebant
757 2352 928 2416 enim
993 2353 1222 2418 vinum
1283 2370 1447 2435 aqua
1501 2349 1688 2416 nivea
1732 2353 2028 2429 franyere.
2120 2346 2366 2413 Ibidem
2413 2347 2777 2414 Athenaeus

395 2455 552 2523 alios
607 2453 848 2522 multos
909 2455 1081 2523 locos
1129 2455 1206 2522 de
1250 2456 1369 2521 hoc
1417 2477 1536 2520 usu
1587 2453 1882 2542 collegit,
1932 2475 1995 2521 v.
2022 2474 2072 2518 c.
2124 2451 2498 2539 Euthyclis:
2548 2459 2777 2532 πρῶτος

397 2563 514 2642 μὲν
581 2557 736 2628 οἶδεν
808 2563 858 2627 εί
928 2563 1082 2643 χιών
1152 2561 1237 2630 ἐτ’
1299 2561 1444 2627 ὠνία
1467 2611 1484 2632 ,
1549 2559 1718 2627 unde
1775 2559 1989 2643 vides,
2051 2558 2218 2645 quod
2284 2560 2547 2644 probare
2611 2557 2777 2627 velle

397 2670 689 2756 ineptum
750 2674 874 2753 est,
920 2670 1138 2735 nivem
1185 2666 1458 2733 Athenis
1505 2687 1691 2753 saepe
1736 2685 1971 2754 magno
2020 2666 2372 2730 constitisse
2418 2670 2483 2729 et
2524 2666 2597 2728 in
2638 2664 2778 2731 lau-

398 2776 486 2841 tis
556 2774 764 2860 epulis
831 2774 1184 2859 praebitam
1257 2774 1471 2839 fuisse.
1566 2772 1741 2839 Hinc
1801 2771 2032 2857 pendet
2093 2771 2453 2836 emendatio
2510 2770 2780 2837 Luciani

399 2880 510 2965 qui
573 2881 643 2944 in
703 2878 924 2945 libello
986 2879 1062 2944 de
1124 2877 1418 2945 Mercede
1482 2875 1828 2945 Conductis
1890 2899 1944 2943 c.
1995 2875 2083 2941 26
2129 2875 2429 2941 describit
2474 2878 2778 2943 miseram

399 2985 760 3072 philosophi
822 2985 1244 3051 conditionem
1265 3034 1282 3068 ‚
1348 2987 1461 3069 qui
1507 2983 1587 3050 ad
1635 2984 1858 3050 divitis
1902 2985 2150 3069 patroni
2196 2980 2415 3069 epulas
2464 2985 2780 3051 invitatus

398 3097 512 3159 est.
608 3092 704 3157 Οὐ
768 3093 890 3169 μὴν
951 3089 1072 3155 οὐδ’
1137 3091 1170 3164 ἧ
1229 3090 1395 3163 ἄλλη
1461 3086 1630 3171 ὕβρις
1696 3088 1955 3173 dorseni«,
2018 3089 2169 3154 ἀλλ’
2232 3087 2371 3154 οὔτε
2416 3087 2557 3170 ᾠὸν
2606 3087 2776 3171 ἔχεις

395 3195 611 3276 μόνος,
683 3198 750 3263 οὔ
814 3196 939 3276 γὰρ
1002 3194 1348 3273 ἀναγκαῖόν
1411 3196 1502 3265 ἐςι
1568 3195 1672 3259 καὶ
1734 3196 1803 3261 σὲ
1858 3200 1975 3259 τῶν
2025 3195 2225 3258 αὐτῶν
2272 3193 2369 3259 oie)
2418 3202 2543 3268 τοῖς
2590 3194 2776 3271 ξένοις

397 3302 502 3369 καὶ
563 3302 863 3382 ἀγνώς-αις
926 3298 1401 3367 ἀντιποιεῖσθαι.
1500 3297 1711 3381 Quid?
1772 3300 2201 3387 denegaturue
2261 3302 2495 3365 misero
2542 3320 2768 3382 ovum,

394 3407 564 3495 quod
627 3428 816 3474 nemo
877 3410 1042 3473 inter
1100 3408 1340 3473 Persici
1401 3411 1739 3494 apparatus
1800 3405 2061 3471 delicias
2099 3402 2488 3471 recensebit?
2533 3406 2603 3472 Si
2649 3429 2771 3476 ova

393 3516 464 3580 in
527 3513 762 3581 honore
827 3514 1120 3599 fuerunt,
1166 3514 1482 3600 quomodo
1529 3512 1863 3600 Ephippus
1912 3532 2008 3597 ap.
2061 3511 2293 3577 Athen.
2350 3510 2410 3576 1.
2462 3532 2527 3597 p.
2579 3512 2664 3578 29
2715 3514 2774 3580 D

395 3618 715 3707 appellare
783 3624 996 3705 potuit
1063 3619 1290 3701 ᾠάρια,
1365 3617 1612 3685 τοιαῦθ’
1686 3608 1891 3696 ἕτερον
1937 3618 2148 3683 πολλοὶ
2211 3616 2497 3695 παίγνια.
2592 3618 2771 3685 Idem

393 3725 563 3812 apud
632 3726 902 3792 eundem
972 3725 1122 3790 XIV
1184 3748 1242 3811 p.
1312 3723 1444 3789 642
1507 3723 1562 3789 E
1621 3745 1881 3790 coenam
1942 3723 2273 3801 describit,
2350 3725 2419 3787 in
2479 3744 2605 3809 qua
2650 3724 2772 3806 ᾠῶν

391 3830 721 3909 ἑκατόμβη
768 3832 1232 3919 apponebatur,
1285 3836 1362 3897 ut
1407 3831 1704 3897 omnibus
1752 3836 1817 3896 et
1862 3829 2137 3917 singulis
2182 3830 2469 3896 convivis
2526 3831 2777 3898 abunde

389 3941 546 4006 satis
591 3942 776 4005 esset.
868 3937 1114 4003 Deinde
1160 3936 1482 4003 Lucienus
1529 3940 1741 4024 pergit
1786 3942 1851 4001 et
1897 3936 2099 4002 addit:
2154 3936 2293 4002 οὔτε
2334 3939 2366 4013 ἡ
2410 3936 2554 4014 ὄρνις
2596 3937 2777 4015 ὁμοία

389 4054 533 4117 ταῖς
587 4040 856 4128 ἄλλαις,
919 4044 1094 4109 ἀλλὰ
1151 4045 1236 4123 τῷ
1284 4044 1396 4119 μὲν
1443 4042 1710 4121 πλουσίῳ
1758 4050 2008 4121 παχεῖα
2056 4040 2161 4105 καὶ
2215 4042 2517 4120 πιμελής,
2571 4042 2661 4107 σοὶ
2710 4042 2773 4109 δὲ

389 4150 625 4225 νεοττὸς
699 4150 997 4229 ἡμίτομος
1071 4148 1104 4224 ἢ
1169 4148 1400 4231 Φοίττα
1469 4173 1562 4221 τις
1625 4146 2037 4225 ὑπόσκληρος,
2106 4144 2277 4227 ὕβρις
2344 4146 2623 4223 ἄντικρυς
2674 4148 2777 4214 καὶ

389 4257 642 4337 ἀτιμία.
737 4257 862 4340 Qui
919 4256 1169 4344 pullum
1229 4245 1425 4323 habet
1484 4256 1924 4333 dimidiatum,
1975 4256 2034 4321 ei
2082 4275 2275 4322 ovum
2324 4261 2627 4341 patronus
2672 4276 2781 4321 ne·-

389 4362 614 4452 gabit?
675 4363 882 4431 Unius
935 4362 1232 4430 literulae
1291 4366 1564 4430 mutatio
1627 4362 1839 4430 lucem
1890 4362 2103 4428 dabit:
2154 4362 2296 4428 οὔτε
2355 4386 2442 4443 χι
2464 4363 2495 4428 ο’
2513 4363 2559 4427 ν’
2605 4360 2779 4443 ἔχεις

389 4470 591 4553 μόνος.
629 4470 820 4540 Nivis
855 4492 1010 4536 usus
1041 4470 1122 4536 ad
1157 4469 1483 4536 luxuriam
1523 4472 1829 4557 pertinet,
1857 4469 2024 4557 quod
2046 4470 2418 4536 Dexicrates
2441 4467 2760 4543 ostenden
