3369 5142
627 317 755 385 160
1608 339 2037 391 muormnm.

620 503 687 582 ἦν
730 507 792 573 δὲ
838 507 1421 589 παραθαλασσίδιον
1442 535 1457 552 ·
1506 513 1611 578 καὶ
1662 513 2219 596 άνδραποδίσαντες
2261 515 2608 597 παρέδοσαν
2653 515 3007 595 Ἐγεςαίοις

619 616 749 681 κτὲ.
797 615 1004 682 deleto
1049 619 1159 692 τὴν
1202 618 1381 685 πόλιν
1425 626 1569 705 post
1615 620 2204 702 άνδραποδίσαντες.
2319 650 2337 668 ·

706 721 795 786 VI
842 721 927 788 66
976 725 1012 808 5
1062 726 1124 791 3.
1174 725 1277 790 καὶ
1328 727 1655 806 προσῆλθον
1702 729 1817 806 μὲν
1864 728 2063 807 ε’γγὺς
2106 731 2214 793 τοῦ
2261 729 2838 808 ςρατεύματος
2886 735 3004 794 τῶν

616 826 965 903 Ἀθηναίων
1033 831 1103 896 τὸ
1172 839 1433 912 πρῶτον,
1506 831 1726 898 ἔπειτα
1797 835 1896 919 δέ,
1969 837 2046 907 ὦς
2111 836 2219 899 οὐκ
2279 835 2692 918 άντιπροῇσαν
2753 835 3004 920 αὐτοῖς,

614 935 1133 1017 ἀναχωρήσαντες
1195 939 1302 1003 καὶ
1364 937 1700 1016 διαβάντες
1747 943 1858 1016 τὴν
1903 942 2229 1020 Ἐλωρίνην
2275 939 2405 1005 ὁδὸν
2450 939 2802 1014 ηὐλίσαντο.
2848 940 3004 1004 Pro-

616 1040 722 1106 cul
759 1042 953 1108 dubio
991 1047 1207 1109 verius
1252 1052 1348 1109 est
1394 1045 1593 1124 ἐγγὺς
1640 1051 1750 1111 τοῦ
1798 1047 2357 1127 ςαυρώροατος.
2405 1045 2646 1112 Eadem
2693 1045 3006 1112 vocabula

614 1154 680 1213 et
740 1149 899 1214 alibi
962 1150 1435 1216 confunduntur
1494 1157 1559 1218 et
1600 1154 1769 1219 inter
1804 1159 2161 1240 ⁵utrumque
2207 1152 2360 1218 libri
2407 1155 2660 1219 variant
2707 1151 2798 1217 64
2843 1159 3000 1218 extr.

618 1254 731 1326 ubi
777 1254 957 1320 codd.
1011 1253 1147 1322 OG.
1194 1276 1307 1342 pro
1353 1257 1714 1338 ςαυρώματι
1765 1279 2098 1345 perperam
2145 1259 2380 1324 habent
2427 1257 2845 1337 ςρατεύματι.

709 1359 814 1425 VI.
878 1359 989 1439 72,
1048 1366 1105 1427 1.
1176 1364 1296 1428 Καὶ
1362 1365 1411 1428 οἱ
1476 1365 1591 1442 μὲν
1648 1365 1852 1448 ταύτῃ
1919 1375 1996 1448 τῇ·
2060 1365 2276 1445 γνώμη
2322 1365 2734 1430 ἀπέπλευσαν
2781 1365 2842 1435 ἐς
2888 1368 2996 1439 τὴν

616 1467 827 1544 Νάξον
909 1467 1015 1533 καὶ
1088 1468 1378 1544 Κατάνην
1448 1469 1992 1552 διαχειμάσαντες.
2090 1468 2263 1537 Ordo
2323 1477 2458 1536 tam
2519 1470 3006 1559 chronologicus

613 1592 805 1656 quam
877 1575 1343 1661 geographicas
1407 1577 1693 1663 postulat
1753 1579 1815 1651 ἐς
1879 1580 1990 1654 την
2053 1575 2348 1652 Κατάνην
2405 1575 2510 1641 καὶ
2559 1577 2806 1656 Νάξον,
2855 1597 3002 1643 nam

614 1679 691 1744 de
736 1679 1051 1746 industria
1097 1683 1470 1767 scriptorem
1515 1685 1847 1751 inversum
1892 1684 2184 1749 ordinem
2227 1681 2604 1768 praetulisse
2649 1685 2802 1767 quia
2845 1681 3006 1748 clas-

610 1788 699 1850 sis
760 1785 1251 1852 Atheniensium
1284 1807 1439 1853 ‘non
1499 1794 1645 1854 ante
1707 1811 1900 1875 quam
1963 1789 2226 1856 Naxum
2287 1809 2357 1854 se
2403 1785 2748 1853 contulerit
2797 1793 3002 1854 castra

611 1889 866 1959 navalia
932 1892 1153 1957 fecerit
1224 1897 1465 1961 stativa
1524 1900 1590 1960 et
1654 1898 1910 1961 munita
1968 1898 2036 1960 in
2101 1896 2332 1980 quibus
2395 1894 2790 1972 hibernaret,
2859 1895 3004 1979 quis

614 1997 826 2063 credat
887 1995 1254 2064 Glassenio?
1319 2000 1502 2079 Quod
1564 2007 1781 2067 autem
1829 2003 2079 2088 saepius
2123 2003 2413 2068 inversus
2459 2000 2798 2064 nominum
2847 1999 2998 2065 ordo
3031 2073 3036 2078 ,

610 2103 781 2188 apud
858 2109 1148 2169 nostrum
1228 2107 1542 2191 reperitur
1558 2155 1575 2182 ,
1644 2111 2100 2194 argumentum
2171 2112 2268 2171 est
2335 2105 2586 2189 saepius
2655 2109 2990 2190 peccatum

609 2230 743 2276 esse
764 2260 781 2287 ‚
828 2231 953 2275 non
1000 2213 1251 2296 saepius
1294 2219 1628 2296 peccatum
1676 2234 1811 2278 esse
1857 2235 1894 2279 a
1941 2211 2337 2300 Thucydide.
2386 2210 2769 2296 Saepissime
2817 2214 2992 2278 enim

607 2317 947 2381 verborum
1008 2316 1295 2382 ordinem
1356 2319 1643 2384 turbasse
1699 2319 2026 2403 librarios,
2081 2319 2464 2403 comparatis
2535 2320 2702 2382 inter
2769 2337 2834 2382 se
2893 2337 2996 2384 co-

608 2421 824 2486 dicum
872 2424 1257 2488 testimoniis
1303 2423 1543 2508 liquido
1591 2430 1856 2492 constat.
1950 2426 2172 2510 Nuper
2217 2444 2366 2491 vero
2403 2444 2521 2508 ope
2562 2425 2992 2509 inscriptionis

606 2529 859 2594 Atticae
922 2528 1426 2597 demonstratum
1476 2537 1572 2597 est
1624 2552 1842 2599 omnes
1891 2532 2068 2599 codd.
2119 2531 2320 2597 Thuc.
2367 2532 2436 2595 in
2483 2528 2731 2596 foedere
2780 2529 2854 2596 V.
2904 2527 2989 2595 47

605 2636 642 2719 ᾖ
689 2637 731 2721 ἓ
793 2640 857 2699 et
920 2634 963 2699 4
1029 2637 1269 2721 (itaque
1334 2638 1431 2703 bis
1488 2641 1557 2703 in
1622 2660 1748 2703 uno
1807 2640 2036 2725 capite)
2087 2657 2380 2723 perverso
2427 2636 2646 2701 ordine
2693 2637 2990 2701 exhibere

602 2742 878 2814 Ἠλείους
937 2742 1039 2807 καὶ
1090 2742 1447 2816 Μαντινέας
1496 2749 1560 2809 et
1606 2746 1641 2821 ἢ
1689 2744 1800 2818 τὴν
1851 2745 2107 2809 Ἠλείων
2155 2746 2188 2819 ἢ
2237 2744 2348 2817 τὴν
2393 2741 2748 2807 Μαντινέων
2801 2742 2834 2817 ἢ
2879 2742 2987 2815 τὴν

602 2848 919 2926 Ἀργείων.
1013 2849 1275 2915 Praeter
1320 2857 1591 2934 quatuor
1633 2850 1805 2916 locos
1851 2854 2078 2916 citatos
2123 2871 2162 2915 a
2199 2848 2524 2919 Classenio
2561 2848 2785 2914 eodem
2826 2850 2989 2914 vitio

600 2952 893 3018 laborant
936 2953 1062 3020 loci
1106 2954 1265 3019 VIII
1316 2954 1464 3033 101,
1515 2956 1575 3021 2.
1634 2956 1784 3041 102,
1833 2959 1894 3020 2.
1951 2954 2100 3033 107,
2151 2953 2309 3030 108,
2369 2959 2396 3019 1
2447 2960 2512 3019 et
2549 2954 2811 3020 fortasse
2851 2953 2987 3038 alii,

600 3080 755 3145 quos
823 3080 947 3125 non
1018 3062 1283 3127 mutabo
1352 3063 1649 3148 quidem,
1711 3063 1822 3128 sed
1883 3069 2099 3129 tamen
2165 3062 2539 3147 depravatos
2603 3080 2736 3125 esse
2781 3059 2982 3124 habeo

598 3186 989 3252 persuasum.
1097 3165 1255 3248 Quis
1338 3191 1403 3234 v.
1452 3190 1507 3234 c.
1601 3172 1763 3235 serio
1851 3168 2188 3234 contendat
2251 3170 2469 3252 ipsum
2537 3163 2984 3251 Thucydidem

599 3271 749 3338 VIII
801 3272 952 3356 101,
1000 3272 1043 3338 2
1089 3276 1411 3359 scripsisse
1458 3276 1535 3341 de
1572 3276 1845 3342 navibus
1887 3272 2048 3340 Chio
2087 3272 2581 3357 Hellespontum
2621 3271 2984 3355 petentibus

597 3379 1161 3459 παραπλεύσαντες
1223 3382 1461 3445 Λέκτον
1527 3381 1629 3447 καὶ
1678 3380 1962 3461 Λάρισαν
2012 3380 2116 3444 καὶ
2167 3376 2544 3461 ‘Auatha-6⁹,
2591 3396 2751 3462 quae
2796 3394 2984 3441 nemo

598 3491 709 3573 qui
768 3486 979 3574 legere
1044 3486 1340 3552 didicerit
1396 3492 1461 3551 et
1505 3486 1673 3552 lecta
1719 3489 2120 3571 interpretari
2167 3484 2354 3550 aliter
2399 3482 2745 3569 explicabit
2790 3501 2984 3566 quam

594 3614 789 3659 naves
834 3590 1055 3657 Larisa
1100 3597 1267 3657 retro
1312 3595 1649 3679 navigasse
1695 3592 1862 3657 Ham
1873 3595 2120 3657 exitum
2138 3639 2155 3668 ,
2204 3595 2280 3656 ut
2329 3590 2477 3655 inde
2521 3592 2751 3654 iterato
2792 3608 2983 3655 cursu

595 3698 887 3763 Larisam
950 3718 1169 3762 rursus
1215 3700 1627 3785 navigarent,
1679 3702 1824 3763 tum
1875 3698 2137 3762 demum
2185 3696 2330 3763 vela
2375 3696 2658 3760 facturae
2701 3694 2782 3760 ad
2829 3693 2988 3760 Hel-

593 3800 999 3889 lespontum?
1056 3804 1174 3873 Τίς
1233 3801 1290 3868 δ’
1358 3800 1509 3868 οὕτω
1578 3804 1827 3874 παιδνὸς
1881 3804 1913 3877 ἢ
1965 3808 2190 3883 φρενῶν
2240 3800 2652 3879 κεκομμένος,
2701 3806 2777 3865 ut
2823 3801 2984 3867 hanc

593 3913 801 3995 ipsam
849 3911 1174 3995 scriptoris
1220 3930 1485 3974 manum
1534 3930 1667 3975 esse
1717 3910 1966 3975 credere
2013 3905 2253 3994 possit?

682 4015 770 4081 VI
816 4014 927 4099 72,
976 4016 1035 4078 4.
1086 4014 1263 4093 μέγα
1312 4016 1376 4081 δὲ
1422 4014 1686 4094 βλάψαι
1732 4013 1836 4079 καὶ
1891 4014 1984 4099 [τὸ
2031 4012 2274 4089 πλῆθος
2325 4020 2442 4078 τῶν
2480 4018 2806 4092 ςρατηγῶν
2845 4011 2975 4096 καὶ]

590 4122 699 4196 την
769 4122 1165 4202 πολυαρχίαν
1232 4114 1412 4205 (ἦσαν
1468 4120 1595 4199 γὰρ
1668 4120 2121 4185 πεντεκαίδεκα
2199 4122 2250 4186 οἱ
2329 4118 2625 4199 ςρατηγοὶ
2699 4120 2974 4202 αὐτοῖς),

588 4233 704 4313 τῶν
750 4252 821 4292 τε
871 4234 1114 4293 πολλῶν
1168 4228 1277 4302 την
1328 4224 1714 4302 άξύντακτον
1763 4227 2094 4304 ἀναρχίαν.
2197 4226 2396 4291 Verba
2440 4232 2612 4290 rect-e
2656 4223 2902 4289 seclusa
2939 4242 2976 4287 a

588 4332 834 4399 Stahlio
921 4332 1130 4399 delevi
1210 4336 1277 4396 in
1359 4332 1666 4396 Analectis
1743 4331 1981 4394 &iaicis
2047 4332 2132 4395 ad
2201 4332 2374 4395 Thac.
2451 4332 2716 4415 aliosque
2785 4330 2976 4395 editis

584 4440 862 4507 Traiecti
909 4462 1007 4528 ap.
1056 4438 1317 4524 Beyers.
1367 4436 1542 4501 1868
1580 4458 1639 4521 p.
1689 4434 1772 4501 10
1810 4438 2025 4521 itaque
2065 4442 2210 4505 ante
2233 4436 2696 4524 Pluygersium
2719 4436 2969 4504 Mnem.
