3369 5142
1418 300 1800 351 oomcouux.
2655 274 2786 347 267

518 471 763 539 Fabula
804 474 930 539 fuit
971 472 1293 539 Xenarchi
1342 472 1600 549 Διδυμοι
1644 472 1952 556 inscripta
1969 516 1985 549 ,
2041 492 2118 537 ex
2171 492 2296 556 qua
2347 471 2782 559 fragmentum

427 579 789 645 Athenaeus
832 580 1114 647 servavit
1155 578 1275 645 XV
1318 600 1379 665 p.
1431 577 1563 645 693
1606 577 1688 643 B.
1719 575 1950 644 Veram
1987 578 2366 662 scripturam
2412 598 2488 643 ex
2546 574 2784 641 Veneto

425 682 591 751 libro
634 687 883 772 primus
928 682 1205 752 Cobetus
1248 684 1517 771 protulit
1559 689 1704 770 post
1749 682 1924 748 Orat.
1971 681 2274 771 luaugur.
2322 705 2380 769 p.
2437 679 2602 749 105:

871 794 949 863 ὥς
998 788 1115 855 ὑπό
1159 814 1219 856 τι
1269 790 1543 873 νυςάζειν
1588 814 1669 869 γε
1716 788 1941 862 καύτὸς
1989 787 2266 871 ἄρχομαι
2289 810 2305 826 ·

878 898 915 973 ἧ
960 894 1262 974 cerasos
1306 898 1433 977 γὰρ
1482 898 1760 975 δαίμονος
1808 894 2112 961 συνέσεισέ
2158 919 2242 973 με

876 1001 1141 1085 ἄκρατος
1189 1002 1526 1071 ἐκποθεῖσα
1570 1002 1778 1085 Φιάλη
1823 1007 2166 1073 παντελῶς.

426 1107 513 1175 Et
575 1108 652 1175 de
701 1108 802 1174 his
846 1110 1103 1195 quidem
1150 1112 1439 1179 versibus
1484 1110 1799 1197 quomodo
1843 1108 2036 1175 scribi
2082 1108 2350 1175 debeant
2366 1156 2386 1193 ,
2431 1125 2556 1171 non
2602 1104 2786 1170 dubi-

428 1220 634 1295 tatur-3
684 1215 793 1283 sed
836 1218 1137 1283 continuo
1180 1222 1530 1304 sequuntur
1574 1216 1736 1283 duo:

700 1322 737 1397 ἥ
784 1326 891 1388 τοῦ
937 1322 1001 1389 δὲ
1047 1331 1305 1405 σωτῆρος
1354 1322 1499 1396 Διὸς
1545 1320 1860 1403 τάχιςά
1906 1345 2002 1400 γε

698 1428 1118 1496 ἀπώλεσεν
1165 1430 1417 1504 αὐτην
1463 1428 1567 1494 καὶ
1615 1424 2236 1494 naa-masten&
2282 1423 2356 1503 μ’
2406 1425 2569 1508 δρᾷς.

428 1534 723 1602 Primum
784 1534 951 1603 illud
1008 1542 1301 1622 apertum
1348 1542 1479 1620 est,
1525 1535 1605 1601 de
1640 1556 1768 1620 quo
1809 1532 2170 1601 Meinekius
2213 1529 2380 1597 nihil
2423 1531 2785 1607 adnotavit,

426 1641 817 1727 colloquium
882 1642 1004 1708 hoe
1072 1662 1204 1709 esse
1270 1642 1543 1708 fratrum
1612 1638 1876 1707 illorum
1946 1637 2204 1715 διδύμων
2268 1641 2411 1722 post
2467 1640 2786 1701 strenuam

427 1749 986 1832 computationem.
1032 1746 1250 1826 Prior,
1298 1749 1396 1812 uti
1441 1746 1653 1825 vides,
1702 1746 1909 1811 tribus
1954 1743 2240 1812 versibus
2285 1762 2438 1808 usus
2484 1747 2605 1818 est,
2650 1744 2788 1827 qui-

426 1852 547 1918 bus
630 1850 791 1917 alter
871 1850 1203 1937 respondet
1284 1852 1552 1917 duobus.
1664 1848 1790 1917 Sed
1869 1850 1986 1915 hoe
2070 1868 2315 1936 quoque
2381 1849 2788 1934 perspicuum

428 1962 525 2023 est
606 1956 943 2024 lectionem
1026 1958 1209 2024 vitiis
1290 1958 1643 2025 obscurari:
1727 1956 1879 2042 quid
1960 1957 2130 2021 enim
2209 1960 2306 2021 est
2371 1952 2620 2033 τάχιςιέ
2687 1978 2734 2031 y
2755 1977 2784 2017 ε

428 2066 493 2129 et
562 2062 717 2148 quid
784 2068 881 2129 est
947 2065 1141 2137 αὐτήν
1206 2068 1273 2130 et
1340 2084 1533 2149 qnam
1600 2066 1864 2130 insuave
1933 2059 2392 2128 κατεπόντωσὲν
2460 2062 2530 2139 μ’
2608 2056 2785 2144 δρᾷςῙ

430 2166 715 2235 Conieeit
804 2168 1111 2236 canterus
1200 2169 1425 2245 ναύτην
1500 2170 1668 2256 quod
1748 2171 2100 2256 speciosum
2185 2172 2281 2233 est
2313 2217 2332 2252 ‚
2417 2171 2491 2231 ut
2575 2168 2790 2234 omnia

426 2270 718 2352 Ganteri,
767 2274 877 2341 sed
922 2274 1121 2341 simul
1164 2274 1595 2364 intelligimus
1614 2326 1632 2361 ,
1681 2296 1872 2360 quam
1917 2274 2256 2360 prudentes
2301 2277 2366 2339 et
2417 2277 2632 2339 eautos
2673 2292 2788 2338 nos

425 2400 559 2448 esse
604 2381 849 2459 deceat,
900 2402 1099 2467 quum
1146 2381 1729 2449 animadvertamus
1767 2382 2166 2447 doctissimos
2203 2378 2473 2445 editores
2496 2378 2788 2464 deceptos

423 2487 619 2553 fuisse
687 2489 1067 2553 correctione
1128 2486 1409 2577 eleganti
1468 2487 1728 2575 quidem
1789 2487 1899 2553 sed
1953 2484 2174 2552 eadem
2223 2485 2407 2562 falsa,
2459 2504 2610 2549 nam
2655 2486 2782 2549 im·

422 2601 693 2680 portuna
737 2597 833 2660 est
876 2595 1212 2662 verborum
1258 2597 1546 2661 traiectio
1592 2615 1796 2678 neque
1839 2595 1910 2666 id
1952 2593 2120 2678 quod
2167 2598 2262 2658 est
2301 2592 2526 2666 ναύτην
2563 2590 2785 2658 divelli

422 2705 631 2785 potest
690 2719 727 2763 a
772 2702 1143 2786 pronomine
1160 2749 1177 2784 ,
1224 2700 1305 2766 ad
1351 2701 1517 2787 quod
1560 2701 1848 2768 refertur.
1941 2698 2066 2779 Qui
2109 2699 2260 2766 vino
2303 2717 2650 2783 somnoque
2692 2718 2785 2764 se-

420 2802 590 2890 pulti
652 2810 801 2870 sunt
819 2852 834 2882 ,
893 2803 1098 2870 solent
1140 2826 1291 2871 eum
1336 2807 1661 2895 naufragis
1708 2807 2090 2892 comparari,
2138 2824 2262 2890 qua
2306 2801 2383 2869 de
2429 2825 2496 2869 re
2541 2802 2785 2870 Meine-

421 2909 567 2976 kius
612 2909 901 2976 laudavit
946 2910 1161 2976 doctas
1205 2911 1672 2977 observationes
1715 2911 1777 2978 N
1780 2912 1948 2978 aekii
1995 2911 2075 2976 ad
2122 2908 2488 2976 Choerilum
2527 2932 2589 2996 p.
2629 2907 2782 2974 165.

422 3015 576 3086 Ζεὺς
624 3018 819 3096 σωτὴρ
862 3019 1217 3104 potatorem
1262 3035 1387 3080 non
1431 3019 1736 3094 servavit,
1791 3016 1900 3083 sed
1947 3015 2246 3082 fluetibus
2289 3018 2546 3081 mersit:
2594 3038 2782 3079 κατε-

422 3122 744 3187 πόντωσεν.
841 3120 1007 3201 Quid
1033 3124 1172 3209 Jam
1208 3120 1367 3188 latet
1412 3123 1529 3187 sub
1578 3119 1816 3198 αὖτήνῖ
1860 3123 2288 3206 Adverbium,
2334 3123 2430 3188 uti
2480 3122 2779 3200 arbitror,

419 3229 584 3314 quod
644 3228 975 3313 respondet
1035 3227 1333 3295 adverbio
1377 3233 1696 3301 παντελῶς
1746 3248 1870 3315 quo
1913 3229 2104 3293 frater
2147 3248 2302 3292 usus
2347 3232 2503 3293 erat.
2594 3226 2779 3294 Nihil

418 3334 762 3400 admodum
809 3332 1207 3412 desiderabo,
1256 3335 1313 3400 si
1350 3333 1529 3402 loeus
1572 3338 1667 3400 ita
1710 3332 1998 3422 legetur:

779 3441 813 3516 ἧ
859 3443 965 3504 τοῦ
1013 3441 1076 3505 δὲ
1122 3447 1380 3520 σωτῆρος
1429 3442 1572 3515 Διὸς
1619 3438 1868 3520 nixis-02
1912 3464 2010 3519 με

778 3544 1052 3610 ἀπώλετ’
1098 3543 1338 3628 ἄρδην
1384 3548 1489 3612 καὶ
1540 3545 2081 3613 ,carandra-coo*
2126 3546 2214 3618 ὦς
2267 3546 2430 3629 δρᾷς.

416 3651 602 3718 Nune
648 3651 808 3716 mihi
851 3651 1070 3718 videor
1116 3652 1473 3742 intelligere
1517 3654 1670 3740 quid
1717 3652 2088 3718 Xenarchus
2134 3651 2319 3717 dieat.
2413 3650 2510 3717 Ex
2553 3653 2776 3719 eadem

416 3758 629 3824 fabula
686 3777 886 3822 unum
932 3763 1253 3843 praeterea
1295 3759 1729 3847 fragmentum
1775 3763 2098 3825 servatum
2146 3761 2271 3842 est,
2319 3759 2548 3825 Athen.
2597 3759 2664 3825 X
2709 3783 2775 3847 p.

417 3862 547 3928 426
594 3862 691 3940 B„
751 3862 915 3949 quod
962 3861 1041 3928 ad
1088 3863 1369 3929 eiusdem
1419 3867 1904 3956 compotationis
1949 3863 2194 3927 initium
2241 3863 2634 3930 referendum
2677 3871 2776 3932 est

415 3970 838 4054 debueratque
882 3967 1034 4034 adeo
1079 3969 1157 4034 ab
1202 3967 1521 4037 Meinekio
1566 3973 1773 4057 primo
1819 3969 1958 4036 loeo
2000 3971 2184 4055 poni:

773 4075 1028 4153 πΙμπλη
1078 4074 1155 4140 σὺ
1198 4075 1314 4153 μὲν
1358 4077 1528 4153 ἐμοὶ,
1576 4077 1665 4141 σοὶ
1713 4077 1774 4142 δ’
1817 4077 1944 4154 ἐγὼ
1991 4075 2154 4142 δώσω
2201 4083 2394 4141 πιεῖν·

772 4181 1115 4261 ἀμυγδαλῆ
1162 4181 1275 4260 μὲν
1322 4181 1590 4264 παιζέτω
1638 4181 1784 4262 πρὸς
1833 4183 2226 4260 ἀμυγδαλῆν.

416 4288 624 4374 Atque
684 4289 777 4355 sie
836 4288 1078 4354 fastum
1126 4293 1259 4364 est,
1310 4295 1383 4354 ut
1430 4289 1585 4355 dum
1631 4290 1910 4354 nimium
1957 4287 2360 4376 indulgerent
2402 4289 2625 4376 genie,
2672 4291 2772 4357 in-

419 4395 696 4478 ciperent
757 4389 1055 4476 νυςιίζιιν.
1117 4393 1339 4462 Unum
1400 4399 1714 4482 superest,
1779 4393 1945 4481 quod
2005 4415 2109 4460 me
2167 4392 2334 4460 male
2396 4393 2619 4484 habet,
2667 4397 2774 4466 ad-
