3369 5142
578 301 621 368 8
1597 317 1936 370 strumus.

579 491 746 557 οὐδὲν
815 488 1002 556 ἐδόκει
1072 492 1436 572 πεπρᾶχθαι
1507 491 1804 574 νεώτερον.
1896 491 2095 558 Plane
2162 491 2337 558 idem
2406 496 2503 558 est
2568 490 2738 577 quod
2799 489 2964 557 οὐδὲν

583 596 951 673 ἠδικηκέναι.

669 807 827 896 Peg.
880 807 988 874 67.
1034 807 1254 874 laudat
1300 807 1628 874 Hilarium
1669 809 1839 874 κατὰ
1879 809 2195 891 γραφικὴν
2235 807 2387 875 οὕτω
2430 808 2959 890 φιλοσοφήσαντα

577 911 694 984 ἰός-ε
739 917 845 980 οὐκ
893 916 1189 990 ἐτεθνήκει
1237 916 1299 978 ἐν
1348 923 1489 988 ταῖς
1541 915 1763 980 ἐκείνου
1813 917 2023 997 χερσὶν
2070 918 2098 981 ὃ
2146 914 2504 998 Εὐφράνωρ.
2572 913 2689 980 Est
2738 934 2961 999 operae

577 1022 858 1106 pretium
903 1023 972 1086 in
1019 1021 1119 1086 his
1166 1021 1666 1088 animadvertere
1706 1023 2047 1088 obscurum
2087 1027 2151 1088 et
2190 1027 2402 1088 atrum
2443 1020 2695 1088 dicendi
2737 1039 2961 1108 genus,

577 1147 656 1192 ex
719 1148 843 1214 qua
904 1129 1178 1215 caligine
1238 1129 1348 1194 vix
1409 1130 1723 1209 sententia
1785 1128 2063 1214 pellucet
2130 1128 2315 1195 haec:
2397 1129 2502 1212 „in
2558 1128 2805 1211 pictura
2874 1127 2965 1191 ita

575 1239 840 1298 versatus
886 1241 972 1297 est
1016 1241 1083 1298 ub
1107 1255 1224 1316 per
1261 1239 1389 1298 eius
1425 1257 1630 1298 manus
1667 1221 2030 1318 Etiphranor
2066 1236 2261 1298 adhuc
2282 1256 2581 1317 superesse
2604 1231 2961 1309 videretur,''

575 1341 651 1402 ut
688 1340 932 1424 optime
969 1337 1328 1406 Gatakerus
1365 1340 1821 1426 interpretatur
1858 1341 2029 1426 apud
2066 1341 2351 1408 Boisson.
2406 1338 2588 1421 Quod
2614 1339 2963 1426 Dionysius

573 1441 784 1510 Halic.
834 1445 1014 1512 Tom.
1065 1444 1172 1510 VI.
1219 1465 1368 1532 pag.
1426 1443 1576 1510 759.
1628 1446 1707 1513 de
1750 1446 2018 1513 Platone
2060 1448 2253 1513 dicit:
2292 1445 2443 1512 ὅταν
2484 1447 2571 1517 εἰς
2608 1445 2717 1522 τὴν
2761 1467 2963 1525 περιτ-

575 1551 870 1629 τολογίαν
932 1551 1052 1616 καὶ.
1101 1551 1170 1615 τὸ
1235 1561 1598 1618 καλλιεπεῖν
1645 1589 1735 1602 —-
1774 1551 2039 1634 ἄμετρον
2085 1553 2270 1632 ὁρμὴν
2318 1550 2494 1634 λάβῃ
2541 1589 2625 1601 -
2677 1551 2964 1629 μελαίνει

574 1656 643 1722 τὸ
692 1658 896 1736 σαφὲς
939 1658 1042 1722 καὶ
1083 1657 1252 1742 ζόφῳ
1291 1667 1456 1726 ποιεῖ
1491 1662 1964 1740 παραπλήσιον,
2006 1659 2331 1745 aliquanto
2364 1661 2578 1726 verius
2622 1663 2687 1724 et
2726 1659 2961 1723 iustius

573 1763 649 1828 de
695 1764 984 1850 Eunapio
1032 1766 1346 1832 diceretur
1369 1817 1384 1844 ‚
1434 1770 1503 1832 in
1550 1787 1741 1852 quem
1788 1767 2055 1851 quadrat
2102 1766 2269 1851 quod
2305 1769 2441 1852 ipse
2483 1765 2561 1830 de
2599 1763 2953 1829 Iamblicho

573 1871 827 1956 scripsit
888 1892 1036 1959 pag.
1106 1872 1208 1937 12.
1273 1875 1338 1938 οὐ
1406 1871 1667 1954 κατέχει
1733 1873 1835 1938 τὸν
1886 1873 2187 1953 ἀκροατὴν
2236 1910 2321 1922 -
2370 1872 2521 1937 ἀλλ’
2577 1867 2961 1952 οἰκ-στρέφειν

573 1975 678 2041 καὶ
729 1978 1082 2044 ἀποκναίειν
1129 1980 1238 2054 τὴν
1288 1981 1472 2056 οέκοὴν
1530 1977 1749 2044 ἔοικεν.

664 2189 822 2276 Pag.
897 2187 1004 2254 68.
1077 2199 1385 2274 πανταχῇ
1457 2188 1899 2269 διασπαρέντες
1970 2188 2075 2254 καὶ
2150 2187 2603 2266 θαυμασθέντες
2666 2184 2815 2253 ὅπου
2882 2210 2952 2252 τε

574 2293 918 2374 ἱδρύθησαν.
1011 2295 1389 2363 Mendosum
1437 2303 1532 2362 est
1576 2321 1645 2363 τε
1694 2295 1859 2361 nihil
1902 2294 2286 2384 significans.
2379 2294 2753 2383 Legendum
2804 2293 2952 2360 ὅπου

587 2399 803 2466 ΠΟτέ.

667 2615 828 2703 Peg.
880 2614 986 2681 68.
1032 2620 1246 2682 narrat
1291 2614 1618 2702 Eunapius
1662 2617 1900 2682 vidisse
1945 2636 2011 2681 se
2049 2614 2320 2680 Athenis
2359 2612 2599 2679 Iuliani
2632 2610 2953 2698 sophistae

581 2720 845 2788 domum
893 2724 1116 2803 μικρὰν
1162 2724 1276 2801 μὲν
1324 2723 1427 2788 καὶ
1479 2726 1699 2798 εὐτελῆ
1749 2721 1923 2808 τινα,
1970 2725 2193 2800 Ἑρμοῦ
2242 2721 2293 2785 δ’
2340 2716 2501 2799 ὅμως
2550 2719 2653 2783 καὶ
2698 2720 2963 2784 Μουσῶν

577 2829 1093 2893 ΠΕΡΙπ-νέουσαν.
1187 2828 1330 2895 Non
1379 2834 1610 2915 exputo
1655 2829 1824 2895 unde
1870 2827 2141 2893 molesta
2183 2826 2563 2912 praepositio
2608 2827 2957 2911 irrepserit,

577 2935 687 3001 sed
729 2937 896 3021 'quia
956 2940 1019 3001 et
1077 2938 1240 3000 ratio
1303 2942 1368 3001 et
1427 2956 1578 3001 usus
1643 2934 1942 3020 loquendi
2003 2934 2327 3020 postulant
2372 2930 2798 2998 ἀποπνέουσαν
2824 2981 2841 3016 ,
2892 2930 2961 2996 id

584 3043 796 3127 ipsum
848 3046 944 3107 est
988 3041 1437 3127 reponendum.

671 3254 832 3343 Pag.
901 3252 1007 3321 69.
1071 3252 1292 3334 ἔτυχον
1323 3292 1425 3308 .—-
1476 3256 1526 3319 οἱ
1591 3253 1957 3334 θρασύτατοι
2005 3255 2124 3319 τῶν
2175 3251 2433 3331 ’Λψίνου
2482 3255 2769 3329 μαθητῶν
2816 3258 2958 3323 ταῖς

579 3363 757 3441 χερσὶ
824 3362 1242 3441 κρατήσαντες
1305 3364 1410 3425 τοῦ
1477 3360 1830 3425 Ἰουλιανοῦ.
1925 3360 2022 3425 Ex
2085 3360 2185 3425 his
2231 3358 2495 3447 colligas
2541 3362 2667 3445 ipsi
2712 3360 2956 3425 Iuliano

581 3472 718 3535 vim
781 3489 913 3535 esse
973 3468 1224 3535 illatam
1246 3518 1263 3552 ,
1325 3468 1434 3533 sed
1480 3488 1606 3533 non
1649 3470 1775 3552 ipsi
1822 3464 2153 3552 Sophistae
2200 3486 2465 3531 manum
2514 3466 2957 3550 conserebant,

587 3574 698 3640 sed
755 3575 1149 3641 diversorum
1214 3572 1512 3660 discipuli
1571 3576 1739 3639 inter
1795 3593 1930 3638 sese
1992 3574 2333 3639 certabant.
2432 3571 2634 3638 Facili
2692 3574 2953 3660 negotio

587 3702 736 3748 vera
783 3682 874 3746 rei
919 3680 1124 3747 forma
1168 3681 1572 3756 restituetur,
1619 3700 1769 3745 nam
1818 3678 2256 3744 scribendum:
2299 3679 2715 3758 κρατήσαντες
2757 3684 2958 3743 ΤΩΝ

588 3794 947 3868 Ἰουλιανοῦ,
998 3787 1168 3873 quod
1214 3790 1343 3854 iam
1393 3786 1844 3874 Wyttenbach.
1894 3788 2260 3872 reponebat.

677 3999 835 4087 Pag.
900 3997 1008 4063 69.
1067 3998 1232 4081 ἐῴκει
1279 3997 1343 4063 δὲ
1389 3998 1746 4078 (Proconsul
1786 3998 2069 4085 Achaiae)
2116 3994 2312 4078 ὥσπερ
2360 3996 2661 4075 Ῥωμαῖός
2709 4020 2803 4069 τις
2852 3998 2957 4061 οὐκ

585 4102 737 4171 εἶναι
785 4112 900 4170 τῶν
947 4104 1349 4170 ἀπαιδεύτων.
1403 4102 1733 4169 Sententia
1778 4104 2114 4169 manifesto
2154 4104 2309 4169 haec
2350 4110 2479 4169 est:
2508 4127 2626 4187 pro
2670 4104 2957 4186 Romano,

571 4235 690 4297 pro
751 4220 926 4296 captu
987 4212 1247 4277 Romani
1301 4218 1432 4275 erat
1491 4233 1608 4275 non
1661 4211 1951 4275 indoctus.
2047 4209 2269 4294 Itaque
2316 4210 2762 4297 corrigendum
2811 4213 2955 4275 ὨΟ

589 4318 890 4393 Ῥωμαῖός
953 4340 1078 4401 τις,
1142 4322 1212 4382 ut
1273 4316 1441 4401 apud
1487 4314 1935 4401 Thucydidem
1982 4314 2088 4381 IV.
2138 4314 2246 4379 84.
2302 4316 2378 4381 de
2426 4314 2720 4381 Brasida:
2782 4314 2849 4390 ἦν
2898 4316 2959 4379 δὲ

586 4425 715 4495 οὐδὲ
785 4424 1084 4494 ἀδύνατος
1155 4426 1228 4497 ὡς
1301 4420 1782 4500 Λακεδαιμόνιος
1855 4423 2067 4486 εἰπεῖν.
2162 4421 2371 4507 Nepos
2437 4424 2501 4485 in
2550 4422 2965 4506 Epaminonda
