3369 5142
456 293 590 368 210
621 362 627 370 ,
1542 318 1764 370 01011110

454 487 646 567 011110
663 512 679 569 ;
737 511 891 580 nam
948 491 1059 576 qui
1121 496 1474 578 sequuntur
1518 497 1669 561 sunt
1714 493 1948 561 flamen
1996 490 2348 572 Quirinalis
2395 496 2461 557 et
2507 498 2636 559 tres
2683 511 2840 576 pon-

456 595 660 662 tifices·
704 602 994 664 minores.
1046 598 1119 664 In
1166 597 1462 664 Curionis
1506 601 1712 686 igitur
1758 599 2037 664 comitiis
2091 598 2336 664 factum
2390 606 2487 664 est
2525 599 2592 663 id
2612 645 2628 676 ,
2673 597 2839 683 quod

460 701 681 769 Cicero
743 704 847 768 hic
910 711 1387 770 commemorat.
1481 705 1651 770 Nam
1714 727 1860 770 cum
1921 724 2034 788 pro
2095 703 2283 769 domo
2347 704 2582 769 dixerit
2637 703 2841 789 pridie

458 807 605 874 Kal.
673 808 809 874 Oct.
874 831 929 874 a.
998 810 1081 877 57
1132 810 1237 898 (cf.
1288 811 1365 876 ad
1412 813 1544 875 Att.
1598 809 1706 875 IV.
1757 813 1824 894 2)
1874 810 2040 894 apud
2090 808 2450 895 pontifices,
2500 829 2624 894 quo
2674 810 2840 874 facto

454 913 554 977 illi
594 914 856 980 domum
896 916 1204 1002 religione
1243 917 1629 1000 liberarunt,
1669 918 1975 1000 temporis
2015 919 2295 1000 spatium
2327 915 2552 982 deinde
2578 916 2657 980 ad
2678 915 2841 980 118110

460 1023 809 1086 01811011οω
877 1022 1377 1106 praeterlapsum
1438 1041 1543 1086 008
1604 1041 1854 1089 menses
1915 1023 2230 1096 continet,
2295 1022 2528 1106 quibus
2577 1021 2841 1085 comitia

458 1126 783 1210 pontificia
819 1147 943 1191 non
979 1128 1390 1192 habebantur.
1444 1125 1746 1192 Ceterum
1787 1135 1964 1211 pater
1998 1123 2190 1191 Curio
2233 1132 2361 1202 est,
2398 1130 2510 1212 qui
2540 1123 2840 1191 Clodium

462 1229 539 1294 de
598 1234 836 1298 incesto
896 1232 1178 1301 defendit
1225 1238 1291 1297 et
1336 1239 1477 1318 post
1525 1231 1795 1298 exilium
1844 1251 1994 1295 cum
2043 1229 2375 1307 Cicerone,
2428 1238 2501 1295 111
2547 1237 2841 1315 apparet,

462 1339 530 1400 in
590 1341 871 1424 gratiam
933 1339 1157 1414 rediit,
1212 1359 1335 1403 non
1384 1336 1555 1402 filius
1604 1336 2010 1402 turbulentus
2058 1344 2122 1401 et
2167 1340 2462 1422 impurus
2511 1337 2840 1414 tribunus,

462 1445 574 1526 qui
621 1444 905 1527 pontifex
952 1443 1197 1528 aliquot
1244 1446 1425 1509 annis
1470 1450 1612 1527 post
1658 1443 1865 1508 factus
1901 1448 2013 1507 est.
2113 1441 2308 1509 Curio
2356 1449 2535 1528 pater
2572 1445 2846 1508 moritur

466 1545 532 1612 8ο
586 1548 711 1614 701
768 1549 872 1634 (8(1
920 1549 1098 1614 Fam.
1144 1548 1225 1614 11.
1278 1549 1375 1634 2);
1428 1548 1868 1632 pontificatum
1918 1552 2080 1634 petit
2125 1549 2230 1614 vel
2280 1552 2494 1634 potius
2531 1549 2848 1634 petiverat

464 1655 583 1718 sub
630 1651 823 1720 finem
872 1675 925 1718 a.
978 1652 1108 1718 702
1158 1653 1328 1718 filius
1373 1654 1444 1733 (l.
1472 1654 1517 1719 l.
1572 1674 1665 1737 ep.
1723 1652 1783 1730 7,
1835 1657 2072 1738 scripta
2119 1675 2177 1719 a.
2203 1655 2260 1718 d.
2315 1652 2466 1718 XIV
2514 1652 2664 1718 Kal.
2706 1653 2841 1721 Ian.

467 1759 597 1826 ‘703
646 1763 713 1824 in
762 1762 982 1826 castris
1028 1761 1109 1825 ad
1153 1760 1606 1826 Pindenissum
1653 1759 1788 1843 §3:
1847 1760 2351 1836 „desacerdotio
2391 1765 2501 1826 tuo
2541 1765 2844 1844 quantam

466 1887 682 1932 curam
748 1866 1151 1932 adhibuerim
1204 1904 1285 1914 —
1335 1885 1673 1952 cognosces
1723 1885 1802 1929 ex
1848 1867 1930 1929 iis
1978 1863 2244 1942 litteris,
2296 1885 2451 1950 quas
2499 1846 2841 1940 Thrasoni,

464 1973 694 2039 liberto
754 1977 901 2058 tuo,
967 1972 1197 2057 dedi'’),
1270 1992 1467 2056 eoque
1528 1970 1878 2036 sacerdotio
1940 1991 2006 2034 re
2057 1992 2204 2036 vera
2251 1973 2579 2058 fungitur,
2631 1977 2706 2036 ut
2753 1973 2846 2037 vi·

466 2079 684 2154 detur,
732 2082 803 2142 a⁰
857 2077 1008 2160 704,
1057 2083 1224 2140 certe
1274 2080 1425 2161 quia
1472 2079 1544 2140 de
1590 2077 2011 2140 intercalando
2051 2096 2174 2142 non
2213 2077 2606 2150 obtinuerat,
2645 2083 2844 2145 trans-

464 2184 636 2272 fugit
682 2183 781 2258 ad‘
809 2182 1151 2267 populum,
1202 2181 1457 2246 Caelius
1505 2201 1605 2264 ap.
1654 2179 1791 2247 Cic.
1845 2180 1924 2246 ad
1972 2180 2148 2246 Fam.
2205 2180 2375 2258 VIII.
2425 2180 2507 2246 6..
2539 2183 2602 2246 5.
2647 2251 2652 2256 ,

555 2289 635 2354 In
694 2269 1033 2374 proximis:
1104 2287 1375 2366 „deinde
1429 2289 1485 2350 si
1532 2287 1600 2350 id
1648 2289 1827 2370 queri
1873 2306 2066 2371 quam
2115 2307 2306 2374 agere
2352 2286 2692 2352 maluerit''
2741 2287 2844 2352 de-

464 2394 728 2464 lendum
775 2399 871 2459 est
917 2396 1004 2458 id.

557 2500 669 2566 20.
718 2499 913 2566 Initio
960 2500 1151 2564 huius
1198 2499 1577 2587 paragraphi
1618 2498 1814 2565 codex
1850 2495 1950 2562 W.
1993 2498 2186 2562 habet
2223 2496 2386 2562 hanc
2409 2497 2844 2584 interpolatio-

468 2596 646 2695 nem:
720 2610 793 2672 dc
862 2620 1005 2673 teste
1072 2606 1289 2692 Fufio.
1385 2603 1546 2669 Tam
1618 2604 1749 2669 levi
1787 2607 2197 2677 auctoritate
2270 2625 2394 2670 non
2467 2605 2844 2670 crediderim

466 2714 815 2799 quidquam
885 2711 1225 2786 excidisse,
1298 2730 1445 2775 cum
1510 2712 1881 2794 praesertim
1957 2730 2036 2787 ne
2116 2709 2344 2773 lacuna
2419 2710 2680 2795 quidem
2753 2731 2848 2775 as-

466 2808 682 2884 sumta
725 2817 1071 2883 molestum
1118 2816 1284 2881 illud
1330 2838 1433 2881 nec
1479 2828 1682 2883 tamen
1731 2814 1979 2879 defendi
2027 2818 2266 2899 possit,
2315 2836 2428 2901 pro
2477 2835 2602 2902 quo
2646 2836 2850 2882 nexus

466 2927 595 2991 fere
641 2923 921 3009 postulat
964 2945 1069 2989 nec
1120 2925 1337 3007 mayia

557 3030 664 3095 23.
702 3018 937 3094 'Asicii
1006 3049 1193 3093 causa
1256 3031 1391 3092 sine
1452 3027 1646 3093 dubio
1709 3025 2108 3114 significatur
2171 3028 2317 3092 dial.
2382 3028 2458 3093 de
2507 3035 2663 3093 orat.
2721 3029 2844 3093 21:

470 3144 743 3225 „quotus
788 3134 961 3200 enim
1009 3136 1275 3219 quisque
1324 3132 1510 3215 Calvi
1556 3135 1622 3197 in
1668 3132 1960 3198 Asitium
2009 3140 2122 3197 aut
2169 3134 2237 3197 in
2283 3132 2564 3198 Drusum
2604 3134 2768 3221 legit
2787 3133 2846 3198 ‘2”

454 3244 577 3321 ⁴ubi
620 3243 674 3307 E
724 3240 1237 3329 (Ottobonianus)
1285 3240 1453 3324 apud
1498 3239 1880 3305 Michaelem
1929 3237 2211 3303 Asia-ium
2261 3240 2553 3323 praebet,
2598 3239 2844 3307 Caelia-

462 3370 579 3415 nae
648 3349 893 3416 codices
962 3350 1117 3411 satis
1187 3352 1544 3412 constanter
1612 3350 1883 3429 quatuor
1945 3343 2102 3409 locis
2165 3348 2232 3407 in
2279 3344 2398 3411 hac
2448 3349 2844 3433 paragrapho

460 3476 573 3541 per
626 3480 656 3519 c
723 3452 1024 3520 scribunt.
1119 3451 1403 3518 Licinius
1464 3453 1669 3536 igitur
1733 3447 2010 3531 Calvus,
2079 3448 2296 3515 Caelio
2365 3449 2603 3533 (Plinio
2651 3458 2837 3537 teste)

458 3567 663 3628 aetate
731 3578 1021 3643 compar,
1094 3558 1431 3624 familiaris
1501 3553 1777 3631 Catulli,
1851 3554 2092 3619 Vatinii
2162 3563 2486 3622 accusator
2546 3560 2838 3623 Asicium

456 3672 624 3732 inter
689 3656 959 3730 sicarios-
1004 3671 1067 3728 et
1126 3661 1433 3727 veneficos
1498 3663 1822 3725 accusavit
1883 3659 1960 3725 de
2020 3660 2224 3725 Dione
2279 3682 2518 3728 veneno
2567 3665 2837 3731 sublato.

458 3772 697 3843 Tacent
763 3770 841 3833 de
902 3790 974 3835 eo
1038 3766 1354 3833 Ciceronis
1412 3772 1787 3851 interpretes
1847 3765 1926 3829 ad
1972 3766 2035 3829 h.
2062 3765 2106 3830 l.
2157 3773 2221 3831 et
2270 3766 2477 3833 Taciti
2525 3776 2836 3853 quantum

458 3882 587 3944 scio
632 3880 880 3961 praeter
926 3873 1386 3938 Andresenum.
2757 3868 2760 3873 ’

549 3981 656 4050 24.
714 3980 861 4065 „sed
907 3978 1538 4061 Caelius,—-,(Asicii
1588 3978 1871 4061 causam)
1925 3998 1962 4043 a
2006 3998 2122 4044 sua
2168 3984 2538 4063 putatesse
2585 3982 2833 4047 seiunc—

454 4096 589 4155 tam
610 4109 627 4165 ;
675 4106 879 4170 neque
924 4084 1134 4149 solum
1180 4082 1467 4166 Caelius,
1515 4083 1624 4147 sed
1671 4082 2345 4154 etiam-adulescentes
2379 4086 2832 4163 humanissimi

452 4207 516 4262 01
562 4193 949 4265 doctissimi,
998 4190 1375 4269 rectissimis
1418 4189 1652 4253 studiis
1701 4194 1889 4272 atque
1937 4193 2201 4274 optimis
2247 4193 2825 4277 artibus-praediti,

453 4304 640 4382 Titus
658 4379 663 4387 ,
684 4300 1006 4383 Gaiusque
1112 4332 2830 4365 ................

447 4409 739 4496 cognitus
778 4402 1233 4491 Alexandriae..
1274 4474 1279 4484 ,
1319 4399 1483 4499 Quid
1529 4407 1645 4479 aut,
1684 4401 1796 4476 hic
1836 4408 2244 4484 autsummo
2281 4403 2611 4489 splendore
2651 4426 2848 4491 prae-.
