3369 5142
610 288 739 357 284
1622 304 1964 353 mnenon.

604 481 867 545 husium
926 476 1031 561 (ad
1076 476 1347 541 Luciani
1383 474 1548 538 Dial.
1599 479 1777 540 Mor-t.
1829 496 1976 563 pag.
2025 474 2214 563 429),
2267 478 2376 543 sed
2421 474 2586 541 nihil
2630 474 2779 540 hinc
2827 494 2967 560 pro—

604 586 889 652 ficimus:
974 581 1497 648 Hemsterhusius
1578 585 1751 646 enim
1822 582 2164 649 imbiberat
2234 603 2504 649 errorem
2571 583 2740 646 hunc
2810 582 2968 645 bene

607 691 846 759 Graece
905 690 1032 755 dici
1093 709 1205 774 pro
1248 690 1467 772 fusto,
1514 693 1718 771 vir-qa,
1761 696 2064 770 percutere
2109 691 2362 775 aliquem
2410 688 2758 752 καθικέσθαι
2807 688 2964 757 τινὸς

607 806 739 863 ’eN
789 796 1139 877 βακτηρίᾳ,
1190 796 1323 857 ἘΝ
1371 793 1614 877 ῥάβδῳ,
1662 800 1729 857 et
1767 814 1843 858 ex
1884 794 2200 880 decrepita
2241 792 2508 861 Graecia
2530 793 2969 879 putidissimus

605 912 799 972 testes
866 902 1315 969 Manethonem
1338 948 1353 978 ‚
1424 898 1737 979 Quintum
1797 898 2141 966 Calabrum
2203 908 2268 966 et
2327 900 2570 965 similes
2629 898 2929 985 produxit
2949 948 2967 981 ,

604 1012 981 1098 quibuscum
1028 1008 1350 1092 componit
1397 1007 1854 1090 Antiphontem
1877 1057 1894 1089 ‚
1935 1010 2047 1091 qui
2086 1007 2318 1073 dixerit
2355 1009 2487 1072 ’eN
2529 1009 2768 1087 ἀφανεῖ
2801 1005 2966 1083 λόγῳ

598 1140 713 1205 pro
780 1120 1025 1196 ἀφανεῖ
1082 1113 1269 1193 λόγῳ.
1365 1110 1520 1191 Quis
1587 1112 1744 1177 haec
1807 1111 1996 1177 hodie
2061 1110 2396 1198 probabit?
2454 1113 2658 1179 Nemo
2717 1111 2966 1176 hercle:

599 1229 812 1316 itaque
860 1223 983 1287 alio
1031 1218 1216 1285 modo
1262 1217 1571 1284 laboranti
1616 1217 2001 1303 Antiphonti
2049 1219 2514 1304 opitulandum.
2565 1218 2638 1283 In
2683 1225 2967 1302 tempore

602 1331 913 1396 succurrit
958 1325 1370 1411 Antiphontis
1416 1323 1767 1409 discipulus
1813 1324 2220 1409 Thucydides
2268 1325 2374 1391 VI.
2429 1326 2546 1389 54:
2602 1325 2805 1402 βίαιον
2855 1324 2968 1400 μὲν

598 1438 759 1503 οὐδὲν
832 1433 1125 1512 ἐβούλετο
1195 1430 1375 1508 δρᾶν,
1450 1431 1507 1493 ἒν
1571 1430 1810 1509 ΤΡόπῳ
1873 1430 1936 1495 δέ
2003 1456 2116 1495 τινι
2175 1437 2417 1513 ἀφανεῖ
2469 1428 2965 1511 παρεσκευάζετο

599 1547 1028 1623 προπηλακιῶν
1090 1535 1305 1613 αὐτόν,
1364 1556 1514 1601 nam
1565 1539 1655 1601 sic
1699 1536 2043 1624 legendum
2091 1560 2202 1623 pro
2247 1546 2464 1618 ΤΟπῳ
2512 1544 2587 1603 ut
2631 1537 2680 1601 Ῑ.
2733 1534 2857 1603 97:
2908 1538 2967 1599 ἐν

598 1647 692 1729 οἵῳ
766 1646 965 1727 τρόπῳ
1036 1643 1287 1715 senten.
1354 1649 1418 1707 et
1478 1642 1645 1727 apud
1710 1642 1974 1729 Lysiam
2038 1664 2186 1731 pag.
2241 1642 2386 1708 110.
2441 1642 2555 1707 lO:
2609 1644 2662 1708 εἰ
2710 1642 2824 1721 μέν
2873 1666 2962 1707 σοι

600 1758 807 1835 ἐχθρὸς
870 1750 975 1829 ἦν,
1044 1752 1103 1815 ἐν
1158 1750 1349 1829 τούτῳ
1396 1750 1477 1827 τῷ
1525 1749 1724 1829 τρόπῳ
1773 1745 1922 1821 ἦσθα
1974 1747 2048 1813 ἄν
2095 1774 2176 1825 με
2226 1749 2731 1830 τετιμωρημένος.
2824 1748 2965 1813 Hoc

597 1868 811 1949 ipsum
866 1858 1191 1944 Antiphon
1252 1855 1507 1921 dederat
1564 1862 1629 1920 et
1674 1858 1764 1919 sic
1810 1858 2160 1921 rectissime
2203 1862 2368 1922 inter
2414 1878 2482 1921 se
2528 1862 2960 1942 opponuntur:

600 1972 720 2047 ἐγὼ
768 1967 881 2045 μέν
928 1989 1033 2029 σου
1078 1964 1356 2043 φανερὰν
1402 1964 1511 2035 τὴν
1557 1960 1834 2039 πρόνοιαν
1882 1964 1966 2033 εἰς
2015 1964 2126 2039 ἐμὲ
2173 1962 2604 2044 ἑποδείκνυμι,
2655 1964 2730 2028 σὺ
2777 1961 2840 2026 δέ
2879 1988 2963 2037 με

598 2078 657 2139 ἐν
730 2076 969 2154 ἀφανεῖ
1034 2072 1271 2149 ΤΡὸπῳ
1343 2068 1541 2149 ζητεῖς
1615 2066 1959 2151 ἀπολέσαι,
2026 2070 2248 2133 occulta
2303 2070 2536 2133 ratione
2595 2092 2682 2132 me
2714 2068 2966 2151 perdere

594 2182 830 2245 conaris
852 2229 869 2258 ,
917 2180 1161 2262 inquit,
1209 2177 1357 2259 quia
1404 2173 1580 2239 aliud
1626 2174 1968 2259 agebatur,
2017 2172 2195 2238 aliud
2239 2174 2682 2240 simulabatur.

683 2395 843 2481 Pag.
911 2388 1061 2455 136.
1126 2406 1261 2471 cap.
1328 2383 1444 2450 60:
1512 2390 1722 2449 ταῦτα
1769 2386 1882 2462 μὲν
1933 2384 2074 2460 ὑμῖν
2125 2384 2288 2463 λέγω
2336 2386 2413 2454 ὤς
2459 2386 2627 2463 αὐτῷ
2675 2409 2776 2460 μοι
2826 2384 2963 2464 πρό·

596 2510 793 2584 φασιν
854 2497 1140 2575 οὐδεμίαν
1210 2493 1343 2575 ἔχει
1408 2494 1769 2559 ἀποκτεῖναι
1820 2492 1922 2555 τὸν
1971 2490 2182 2570 ἄνδρα.
2277 2488 2588 2577 Corrupta
2632 2492 2785 2557 haec
2833 2512 2964 2557 esse

597 2609 1024 2692 unusquisque
1068 2603 1263 2668 videt.
1358 2599 1579 2686 Itaque
1626 2599 1849 2665 Editor
1896 2598 2261 2664 dubitanter
2297 2601 2563 2664 coniecit
2611 2599 2964 2679 »πρόφασις

594 2715 851 2791 οὐδεμία
900 2714 1171 2792 ὑπῆρχεν
1188 2705 1258 2772 'I’'
1307 2707 1427 2772 Sed
1466 2704 1918 2772 Graeculorum
1961 2711 2056 2770 est
2096 2707 2366 2784 ὑπῆρχεν
2407 2726 2518 2790 pro
2557 2700 2621 2776 ἦν
2663 2711 2963 2790 positum.

592 2822 881 2888 Fortasse
930 2817 1176 2882 dixerat
1224 2813 1559 2892 πρόφασῙΟ
1592 2807 1748 2877 ‘HN
1797 2812 2087 2887 οὖδεμίΑ.
2149 2817 2214 2876 et
2259 2811 2372 2876 ubi
2419 2810 2728 2890 πρόφασις
2781 2810 2849 2888 ἦν
2895 2816 2964 2875 in

595 2927 940 3008 πρόφασΙΝ
968 2926 1335 3007 corruptum
1360 2927 1475 2997 est,
1503 2919 1822 2996 οὐδεμιάΝ
1850 2919 2022 2984 dedit
2047 2921 2256 2983 nescio
2280 2920 2421 3004 quis
2447 2925 2512 2984 et
2535 2915 2668 2998 ἔχει
2695 2918 2960 2984 addidit.

684 3139 845 3225 Pag.
912 3131 1062 3198 136.
1126 3151 1263 3216 cap.
1312 3129 1432 3195 61:
1493 3129 1622 3207 ἐξὸν
1668 3130 1793 3208 γὰρ
1840 3130 2009 3207 αὐτῷ
2057 3129 2118 3192 ἐν
2165 3131 2356 3208 ἀγῶνι
2405 3129 2509 3194 καὶ
2560 3127 2804 3209 κινδύνῳ
2850 3154 2964 3206 με·

595 3244 775 3324 γῶλῳ
824 3241 1281 3314 καταςήσανΤῙ
1326 3275 1411 3286 —-
1451 3237 1759 3302 ἀπολέσαι
1810 3237 2050 3300 ἐκεῖνον.
2099 3235 2226 3299 Ubi
2271 3235 2590 3320 praecedit
2636 3234 2800 3312 ἔξεςί
2835 3259 2960 3312 μοι,

595 3350 791 3426 ἔδοξεν
840 3349 1050 3417 αὐτοῖς
1098 3349 1163 3409 et
1210 3346 1353 3408 sim.
1400 3341 1718 3407 infinitivo
1763 3344 2052 3425 sequenti
2099 3339 2416 3406 adduntur
2461 3343 2796 3426 participia
2852 3347 2966 3406 aut

593 3461 661 3522 in
707 3459 905 3519 dativo
954 3457 1065 3517 aut
1110 3453 1177 3515 in
1224 3449 1554 3513 acmativo
1573 3497 1590 3524 ,
1640 3447 1749 3514 sed
1795 3447 1984 3534 longe
2032 3447 2422 3530 frequentius
2467 3450 2535 3511 in
2583 3449 2964 3513 accusativo.

593 3562 852 3629 Poterat
897 3561 1101 3645 igitur
1148 3554 1475 3639 Antiphon
1521 3560 1631 3618 aut
1670 3556 2104 3628 καταςήσαντι
2146 3559 2258 3617 aut
2281 3555 2733 3627 καταςῆσαντα
2759 3555 3001 3622 dicere„

594 3688 707 3734 suo
768 3665 1079 3730 arbitratu
1142 3672 1205 3726 et
1260 3667 1515 3747 propter
1560 3660 1998 3725 antecedentes
2046 3659 2293 3724 dativos
2340 3661 2399 3722 ἐν
2448 3663 2638 3737 ἀγῶνι
2685 3663 2791 3724 καὶ
2839 3687 2964 3726 κιν-
2997 3671 3008 3682 ·“

595 3773 745 3852 δύνῳ
792 3769 1059 3848 μεγάλῳ
1106 3770 1390 3852 suspicor
1436 3777 1584 3830 eum
1632 3766 2104 3839 καταςήσαντΑ
2153 3765 2358 3830 dicere
2405 3765 2724 3832 maluisse.

684 3874 1295 3961 Frequentissimum
1356 3873 1423 3935 in
1483 3873 1700 3936 Attica
1744 3872 2007 3936 verbum
2055 3877 2150 3935 est
2198 3870 2522 3938 καθιςάναι
2537 3919 2555 3950 ,
2605 3872 2966 3948 uara-5502!

595 4010 735 4050 τινα
782 3980 865 4052 εἷς
914 4004 1012 4056 τι,
1062 3976 1269 4044 veluti
1315 3977 1638 4045 καθιςοὶναι
1689 3979 1774 4048 εἰς
1822 3977 2114 4054 κίνδυνον,
2167 3979 2254 4050 εἰς
2304 3977 2529 4056 κρίσιν,
2579 3981 2662 4049 εἷς
2711 3980 2963 4056 ἀγῶνα,

596 4093 681 4163 εἰς
728 4087 929 4170 Φόβον
952 4137 967 4162 ,
1019 4087 1103 4156 εἷς
1154 4084 1424 4160 ὑποψίαν
1470 4089 1535 4149 et
1582 4083 1708 4148 alia
1747 4089 2057 4149 sexcenta.
2105 4083 2433 4168 Imprimis
2473 4085 2687 4149 crebro
2725 4084 2965 4172 legitur

599 4199 684 4269 εἷς
724 4195 984 4261 κίνδυνον
1033 4195 1389 4261 καταςῆσαι
1437 4211 1549 4275 pro
1596 4191 1662 4253 in
1709 4190 1996 4252 iudicium
2032 4191 2107 4254 de
2141 4191 2332 4274 capite
2369 4189 2622 4274 aliquem
2655 4191 2963 4268 adducere,

600 4301 767 4388 quod
811 4320 1011 4385 quum
1057 4296 1403 4362 sexcenties
1449 4317 1597 4362 cum
1648 4298 2010 4362 accusativo
2059 4301 2473 4381 componatur
2519 4295 2604 4366 εἷς
2667 4295 2962 4376 κίνδυνον,

600 4417 811 4476 tamen
876 4425 999 4471 non
1045 4404 1272 4469 desunt
1314 4401 1440 4468 loci
1486 4403 1599 4468 ubi
1645 4405 1782 4468 sine
1827 4401 1962 4469 ulla
2004 4405 2356 4488 suspicione
2404 4403 2767 4477 καταςῆσαί
2826 4428 2966 4469 τινα
