3369 5142
1332 369 1768 422 mmmmm·
2608 350 2740 422 173

361 565 567 630 neque
627 542 955 629 probabile
1014 549 1111 609 est
1156 544 1327 628 ipsos
1373 544 1871 632 quadringentos
1915 545 2078 612 hanc
2123 543 2482 610 mercedem
2527 563 2746 608 secum

361 649 692 734 attulisse,
742 668 948 734 neque
992 647 1115 714 hoc
1161 645 1402 714 Graece
1450 650 1578 715 dici
1624 653 1837 736 potuit
1885 651 2090 734 φέρειν
2136 649 2380 729 μισθόν,
2432 649 2636 735 quod,
2672 655 2750 715 ut

359 759 493 822 iam
538 757 763 822 monui
810 755 977 820 δέκα.
1030 755 1209 820 Thac.
1256 777 1319 840 p.
1372 754 1502 820 107
1550 777 1802 842 semper
1847 761 1911 822 et
1955 757 2192 842 ubique
2237 753 2556 844 significat
2601 777 2748 820 mer-

359 863 551 926 cedem
621 865 920 946 accs‘yvere,
981 883 1220 926 merere.
1319 859 1584 946 Insuper
1643 863 1738 928 ita
1782 869 1952 928 certe
1995 864 2420 948 requireretur
2463 862 2592 926 τὸν
2638 865 2748 928 τοῦ

363 967 697 1034 ὑπολοίπου
736 965 965 1046 χρόνου·
996 963 1252 1037 παντός.
1300 966 1536 1032 Procul
1582 966 1778 1034 dubio
1824 967 2002 1034 locus
2047 968 2390 1034 mendosus
2435 971 2564 1044 est,
2615 969 2741 1054 sic,

362 1075 431 1140 ni
476 1072 697 1151 fallor,
748 1072 1189 1160 corrigendus:
1239 1072 1345 1137 καὶ
1394 1069 1561 1138 εἶπον
1610 1075 1820 1146 αὐτοῖς
1870 1073 2088 1152 ἐξιέναι
2137 1075 2410 1151 λαβοῦσι
2456 1072 2560 1138 τὸν
2606 1097 2750 1151 μισ-

366 1178 459 1245 adv
512 1179 621 1266 (sc.
673 1179 811 1244 eius
852 1179 1005 1265 diei)
1055 1175 1332 1260 φέρειν
1384 1177 1461 1244 δὲ
1510 1181 1793 1254 αὐτοῖς
1843 1185 1976 1246 καὶ
2018 1185 2125 1246 τοῦ
2161 1179 2493 1245 ὑπολοίπου
2529 1179 2748 1260 χρόνου

368 1285 599 1357 παντὸς
659 1283 907 1350 αὑτὸν
970 1281 1227 1360 ἐξιοῦσιν
1274 1285 1587 1362 ἐδίδοσαν,
1638 1289 1686 1352 i.
1715 1307 1769 1352 e.
1816 1288 2040 1351 dabant
2087 1286 2592 1372 (permittebant)
2642 1307 2750 1350 au-

366 1401 479 1458 tem
516 1391 630 1475 iic,
672 1397 741 1456 ut
786 1397 1061 1455 exeuntes
1104 1393 1173 1467 (i.
1202 1411 1255 1457 e.
1306 1394 1362 1457 si
1410 1391 1677 1476 exirent)
1733 1416 1764 1457 e
1807 1398 1978 1456 curia
2024 1391 2204 1456 etiam
2237 1413 2353 1474 per
2399 1413 2566 1456 omne
2609 1392 2752 1456 reli-

363 1521 537 1584 quum
603 1507 827 1581 tempus
870 1499 1185 1562 mercedem
1230 1497 1581 1580 acciperent.
1678 1497 1788 1564 Sic
1835 1496 2255 1585 intelligitur,
2303 1519 2418 1562 cur
2465 1498 2499 1574 ἦ
2547 1497 2746 1575 βουλὴ

365 1604 415 1669 οἱ
488 1601 881 1668 πεντακόσιοι
950 1608 1016 1668 et
1076 1608 1255 1669 metu
1318 1610 1383 1670 et
1443 1606 1647 1689 pretio
1709 1606 1883 1670 victa
1927 1605 2154 1690 capitis
2199 1605 2520 1688 sequentis
2562 1605 2752 1670 initio

365 1709 615 1775 dicatur
659 1707 823 1774 οὐδὲν
872 1709 1252 1774 ἀντειποῦσα
1305 1708 1681 1786 ὑπεξελθεῖν.

456 1813 608 1881 VIII
656 1813 742 1884 ’74
787 1815 956 1882 med.
1030 1815 1057 1880 ὃ
1129 1816 1193 1880 δὲ
1264 1815 1527 1895 Χαιρέας
1588 1853 1671 1866 --
1721 1815 1914 1881 πάλιν
1979 1815 2040 1887 ἐς
2104 1815 2216 1891 τὴν
2281 1813 2497 1893 Σάμον
2564 1815 2750 1882 ἐλθὼν

368 1917 682 1999 ἀγγέλλει
740 1928 867 1992 τοῖς
915 1921 1285 2000 ςρατιῶταις
1334 1921 1435 1986 ἐπὶ
1482 1921 1553 1986 τὸ
1600 1919 1806 2002 μεῖζον
1853 1920 2070 1986 πάντα
2117 1921 2506 1992 δεινῶσας
2553 1921 2640 1986 τὰ
2681 1921 2750 1987 ἐκ

370 2033 485 2092 τῶν
550 2025 847 2102 Ἀθηνῶν.
940 2025 1369 2112 Participium
1430 2027 1716 2102 δεινῶσας
1781 2031 1860 2094 ab
1923 2031 2062 2113 ipso
2110 2028 2411 2094 historico
2458 2027 2752 2094 additum

368 2153 505 2200 esse
563 2135 703 2198 iure
764 2133 1017 2198 dubites
1065 2132 1295 2200 collato
1342 2134 1542 2200 simili
1586 2133 1728 2201 loco
1772 2134 1870 2200 VI
1917 2132 2025 2219 34,
2078 2133 2115 2202 7
2165 2133 2644 2213 ἄγγελλοίμεθα
2691 2131 2748 2200 δ’

370 2239 447 2306 ἂν
492 2235 561 2306 εὖ
604 2235 726 2303 οἷδ’
776 2235 867 2303 ὅτι
918 2237 1018 2302 ἐπὶ
1067 2239 1136 2304 τὸ
1182 2239 1405 2324 πλέον,
1455 2240 1623 2306 unde
1670 2246 1931 2325 apparet
1978 2240 2078 2305 ἐπὶ
2127 2240 2194 2305 τὸ
2243 2239 2457 2321 μεῖζον
2489 2241 2754 2327 iungen-

370 2345 523 2412 dum
584 2365 719 2412 esse
776 2366 925 2410 cum
987 2341 1322 2423 ἀγγέλλει.
1418 2345 1627 2427 Quam
1683 2348 2010 2412 notionem
2057 2367 2184 2412 non
2230 2345 2398 2412 male
2443 2347 2754 2432 interpres

370 2453 679 2537 expressit
760 2470 875 2516 suo
960 2449 1245 2523 δεινώσας
1266 2501 1281 2525 ,
1369 2451 1538 2537 quod
1622 2451 1866 2517 redolet
1951 2451 2200 2517 scholas
2272 2451 2752 2518 rhetoricorum.

370 2556 851 2624 Abundantium
922 2578 1047 2624 non
1114 2561 1379 2624 tuentur
1438 2562 1626 2625 notae
1686 2556 2038 2625 locutiones
2103 2554 2391 2633 αὐξάνειν
2447 2580 2505 2623 τι
2560 2557 2754 2645 (τινα)

373 2662 550 2743 μέγα
598 2670 663 2729 et
710 2660 897 2743 αἴρειν
945 2664 1180 2744 ὑψηλόν
1227 2687 1389 2730 τινα.

463 2767 615 2834 VIII
678 2768 785 2847 75,
847 2768 911 2835 2.
973 2767 1231 2837 Classen
1294 2770 1587 2836 futurum
1650 2770 2294 2851 δημοκρατηθῆσεσθαι
2314 2798 2336 2845 ,·
2381 2766 2624 2835 dudum
2677 2769 2757 2835 ab

376 2874 729 2942 editoribus
782 2878 1137 2941 correctum
1181 2879 1249 2941 in
1299 2875 1870 2957 δημοκρατήσεσθαι
1889 2925 1904 2954 ,
1955 2878 2048 2943 sio
2096 2876 2416 2960 defendit,
2467 2882 2541 2940 ut
2587 2874 2760 2941 dicat

375 3001 487 3067 pro
548 2980 663 3047 illa
722 2981 931 3047 forma
990 2982 1194 3047 facere
1254 2980 1589 3048 Aoristum
1636 2985 1962 3069 passivum
2011 2982 2192 3049 verbi
2239 2980 2716 3064 ὀλιγαρχεῖσθαι
2735 3026 2754 3057 ,

376 3088 557 3174 quasi
619 3108 768 3154 vero
812 3090 1147 3173 quisquam
1196 3090 1521 3153 existimet
1565 3089 2078 3167 δημοκρατεῖσθαι
2125 3109 2260 3155 esse
2304 3088 2576 3154 verbum
2621 3106 2756 3153 me·

374 3194 581 3260 dium.
678 3193 809 3260 Vix
872 3199 1087 3259 tamen
1138 3194 1429 3281 ignorare
1476 3201 1683 3283 potest
1729 3198 1832 3261 vir
1877 3196 2282 3261 doctissimus
2327 3193 2756 3281 plurimorum

376 3302 707 3368 verborum
758 3298 1157 3387 passivorum
1204 3308 1461 3387 tempus
1508 3302 1802 3368 futurum
1822 3349 1838 3379 ,
1903 3301 2012 3367 sed
2071 3304 2258 3366 solum
2305 3303 2627 3378 futurum,
2679 3300 2759 3367 ab

375 3408 837 3492 antiquioribus
884 3405 1145 3473 Graecis
1192 3410 1484 3492 usurpari
1527 3410 1595 3474 in
1640 3410 1772 3473 cola
1817 3408 2020 3475 forma
2063 3408 2292 3474 media.

466 3511 617 3579 VIII
678 3511 765 3579 ’76
834 3514 937 3579 καὶ
1003 3513 1396 3593 δυνατώτεροι
1464 3510 1617 3579 εἶναι
1682 3519 1869 3595 σφεῖς
1937 3512 2187 3596 ἔχοντες
2233 3514 2352 3588 τὰς
2399 3516 2549 3586 ναῦς
2595 3512 2760 3593 πορί·

379 3620 587 3700 ζεσθαι
659 3619 1035 3693 τάπιτήδεια
1102 3626 1223 3685 τῶν
1292 3621 1353 3684 ἐν
1423 3630 1502 3702 τῇ·
1571 3618 1751 3686 πόλει
1825 3626 1928 3685 καὶ
1995 3619 2073 3685 δι’
2139 3620 2394 3693 ἑαυτούς
2455 3642 2528 3685 τε
2572 3620 2633 3684 ἐν
2679 3628 2758 3701 τῇ

383 3722 581 3806 Σοὶμῳ
628 3724 1112 3804 προκαθημένους
1158 3727 1265 3791 καὶ
1315 3726 1595 3807 πρότερον
1646 3726 1869 3801 αὐτοὺς
1916 3737 2164 3809 κρατεῖν
2209 3732 2316 3793 τοῦ
2366 3728 2426 3799 ἐς
2475 3724 2576 3792 τὸν
2616 3736 2762 3791 Πει-

380 3834 525 3910 ραιίἑ
576 3828 809 3895 ἔσπλου
858 3830 962 3895 καὶ
1010 3837 1111 3897 νῦν
1154 3834 1214 3903 ἐς
1254 3836 1522 3898 τοιοῦτον
1570 3833 2198 3909 καταςῆσονται
2245 3835 2334 3913 μὴ
2375 3831 2760 3913 βουλομένων

381 3937 561 4017 σφίσι
610 3936 808 4002 πάλιν
855 3938 965 4011 τὴν
1012 3939 1334 4003 πολιτείαν
1374 3938 1744 4021 ἀποδοῦναι,
1784 3936 1932 4009 ὥςε
1972 3940 2146 4007 αὐτοὶ
2186 3941 2578 4020 δυνατώτεροι
2604 3936 2762 4007 εἶναι

381 4042 602 4123 εἵργειν
664 4042 923 4112 ἐκείνους
982 4053 1091 4118 τῆς
1157 4041 1491 4119 θαλάσσης
1542 4044 1577 4119 ἢ
1628 4044 1738 4111 ὑπ’
1790 4046 2024 4111 ἐκείνων
2070 4046 2400 4127 εἴργεσθαι.
2494 4046 2594 4113 Ex
2639 4066 2764 4133 quo

378 4148 784 4216 intellectum
832 4154 930 4215 est
976 4149 1140 4215 nibil
1190 4148 1405 4235 profici
1450 4150 1690 4217 Dobrei
1737 4156 2098 4219 coniectura
2143 4154 2608 4229 καταςήσεσθαι
2648 4174 2764 4240 pro

382 4258 847 4330 καταςιὶσονται
916 4255 1109 4320 aliam
1179 4258 1359 4322 viam
1428 4259 1698 4345 ingressi
1767 4260 1976 4325 critici
2043 4257 2338 4325 lacunam
2401 4262 2766 4325 statuerunt

380 4366 526 4446 post
572 4361 679 4425 καὶ
731 4367 851 4427 νῦν.
902 4360 1115 4427 Haase
1162 4361 1587 4447 supplendum
1636 4370 1814 4429 ratus
1861 4362 1952 4429 ἔτι
1999 4370 2247 4443 μᾶλλον
2295 4364 2523 4429 ἐλπίδα
2570 4360 2763 4449 εἶναι,

382 4468 458 4539 ὥς
524 4464 989 4549 προσλαβόντες
1052 4468 1157 4532 καὶ
1220 4468 1289 4532 τὸ
1354 4476 1468 4534 τῶν
1522 4470 1782 4547 Σαμίαν
1829 4469 2013 4537 κοινόν
2061 4472 2294 4537 merito
2338 4471 2582 4537 nemini
2630 4490 2768 4558 per·
