3369 5142
1394 348 1775 395 oomrcontm.
2655 328 2783 399 425

854 522 1003 587 θέλω
1056 529 1413 601 πκροισχεῖν
1468 520 1501 595 ἦ
1551 519 1914 593 κολοκύντην
1964 520 1998 593 ἢ
2050 520 2256 599 κρίνον.

402 626 711 711 Legimus
772 631 838 692 in
894 628 1255 693 Proverbiis
1317 624 1507 691 Coisl.
1573 624 1706 689 253
1771 625 2190 690 Menandrum
2260 647 2502 711 quoque
2559 628 2781 693 eodem

402 733 590 796 modo
661 734 926 811 dixisse,
1000 736 1104 798 hic
1176 745 1425 814 autem,
1500 735 1593 795 uti
1668 732 1856 796 modo
1931 732 2344 807 videbamus,
2413 734 2779 800 mendicum

404 840 617 909 οὶςείως
670 843 773 904 i.e.
828 844 1018 924 lepide
1060 862 1207 905 cum
1262 844 1511 903 mortuo
1554 841 1982 923 comparavit,
2026 838 2192 923 quod
2232 846 2306 903 ut
2346 841 2540 923 lepide
2565 842 2783 907 fecisse

407 946 725 1023 videatur,
792 948 893 1011 his
957 947 1252 1013 omnibus
1304 946 1557 1009 indiciis
1606 947 1673 1008 in
1721 966 1924 1009 unum
1972 944 2253 1023 collatis,
2303 949 2586 1031 sequitur
2632 968 2781 1013 eum

405 1053 854 1118 verosimiliter
902 1055 1261 1139 scripsisse:
1312 1068 1323 1077 ·

765 1159 1035 1239 ἄνθρωπε
1082 1159 1291 1237 πέρυσι
1346 1162 1594 1239 πτωχὸς
1648 1152 1813 1229 ἦσθα
1867 1156 1971 1220 καὶ
2023 1156 2327 1235 κρίνον,

768 1268 886 1331 νυνὶ
937 1266 997 1330 δὲ
1046 1274 1349 1337 πλουτεῖς.

495 1480 871 1546 Ridiculum
920 1490 1015 1547 est
1054 1482 1503 1567 jusjurandum
1546 1504 1601 1565 p.
1657 1478 1826 1545 281:

855 1590 1243 1668 μαρτύρομαι
1293 1588 1387 1650 vxi
1438 1588 1535 1661 μὰ
1584 1590 1684 1652 τὸν
1732 1588 2024 1651 Ἀπόλλω
2073 1587 2304 1652 τουτονὶ

857 1694 959 1757 καὶ
1009 1694 1123 1765 τὰς
1176 1692 1444 1772 θύρας.

407 1800 830 1865 Commendo:
902 1801 1003 1866 xx}
1072 1802 1187 1871 τὰς
1248 1798 1726 1879 θυγατέρας
1791 1808 1854 1865 et
1916 1804 2217 1865 novimus
2268 1799 2631 1885 Apollinem
2687 1803 2780 1865 in·

404 1908 655 1971 terdum
705 1908 1035 1972 Musarum
1084 1914 1329 1991 patrem
1378 1907 1522 1971 dici.
1564 1906 1639 1970 P.
1680 1904 1848 1973 287:

904 2014 1239 2089 λελουμένη
1290 2014 1445 2091 γὰρ
1488 2012 1725 2091 ἡτέρα
1777 2012 1882 2077 xxi
1933 2013 2230 2093 διαφανὲς

894 2119 1248 2199 χιτωνοὶριον
1299 2116 1576 2201 ἔχουσαι,

401 2226 545 2291 vide
594 2246 747 2289 num
796 2228 1005 2312 magis
1048 2226 1309 2291 fortasse
1336 2224 1615 2307 placcat:
1646 2224 1983 2302 λελουμένη
2033 2232 2295 2305 παρῆν
2344 2226 2540 2306 ἑτέρα..
2593 2226 2781 2293 Pror-

400 2354 505 2397 sus
552 2336 684 2396 sine
732 2352 919 2395 sensu
960 2332 1171 2396 editur
1214 2352 1277 2415 p.
1326 2330 1495 2394 292:

722 2446 987 2517 κρεῖττον
1038 2437 1088 2501 δ’
1138 2437 1480 2502 ἑλέσθαι
1531 2438 1823 2517 ψεῦδος
1873 2436 1904 2511 ἢ
1955 2437 2190 2511 ἀληθὲς
2242 2440 2450 2506 κακόν.

400 2545 711 2630 Equidem
762 2544 1093 2632 intelligo:

717 2659 983 2730 κρεῖττον
1036 2651 1443 2731 δέχεσθαι
1496 2653 1790 2730 ψευδὲς
1849 2655 1882 2728 ἢ
1934 2652 2168 2726 ἀληθὲς
2218 2654 2425 2720 κακόν.

400 2758 656 2844 Tragici
702 2765 921 2842 poetae
968 2761 1393 2823 imitationem
1441 2779 1775 2847 agnoscere
1823 2761 1986 2824 mihi
2035 2761 2251 2826 videor
2295 2783 2354 2846 p.
2407 2759 2574 2826 296:

1212 2864 1527 2945 ἐλεύθερόν
1575 2891 1635 2931 τι
1682 2867 1978 2942 τολμήσει
2027 2875 2226 2931 πονεῖν

942 2972 1120 3050 θηρᾶν
1171 2971 1456 3057 λέοντας,
1508 2971 1676 3036 ὅπλα
1725 2971 2053 3053 βαςοέζειν.

396 3081 607 3162 itaque
672 3077 994 3141 offensioni
1039 3099 1159 3142 non
1210 3085 1303 3142 est
1349 3082 1415 3142 in
1462 3080 1767 3144 vocabulo
1817 3075 1984 3144 ὅπλα.
2033 3081 2335 3165 producta
2378 3080 2773 3165 paenultima

396 3183 643 3270 syllaba
712 3191 775 3248 et
845 3183 1182 3268 supplebo:
1254 3181 1421 3248 ὅπλα
1484 3186 1792 3266 βκςοέζειν
1858 3187 2112 3271 (χερί).
2180 3187 2416 3252 Dubito
2481 3209 2558 3252 an
2605 3195 2774 3255 recte

393 3313 527 3356 sese
570 3291 841 3354 habeant
889 3290 1215 3354 Menandri
1268 3293 1455 3356 verba
1498 3314 1558 3376 p.
1602 3293 1764 3356 302:
1820 3295 2248 3372 παραιτοῦμαί
2288 3318 2356 3358 σε
2397 3295 2774 3372 συγγνώμην

394 3397 619 3478 ἔχειν
684 3405 745 3461 et
809 3399 1065 3461 omnino
1130 3397 1387 3461 malime
1457 3396 1623 3478 ἔχε.
1674 3398 1908 3464 Suidae
1957 3399 2133 3465 locus
2183 3406 2276 3465 est
2326 3401 2493 3486 apud
2537 3405 2770 3468 Meine-
2867 3393 2878 3406 ⁸

396 3507 573 3567 kium
622 3526 680 3586 p.
736 3503 899 3566 315:
944 3503 1311 3582 βουκόρυζκν
1363 3507 1469 3577 την
1518 3506 1817 3582 μεγάλην
1867 3504 2122 3587 κόρυζκν
2158 3507 2260 3570 καὶ
2304 3507 2631 3588 κορυζᾶν
2668 3509 2770 3574 τὸν

394 3613 650 3688 ἰσχυρῶς
718 3608 1075 3687 κορυζῶντα..
1144 3611 1507 3690 Μένανδρος.
1582 3611 1942 3676 Adnotavit
1989 3617 2486 3700 grammatich
2536 3618 2636 3680 uti
2678 3619 2774 3681 vi—

392 3717 535 3792 des,
590 3717 851 3780 verbum
904 3717 1427 3798 βουκορυζοῖν.

484 3927 627 3991 Duo
674 3930 740 3990 in
788 3927 1131 3992 Menandro
1174 3929 1333 3993 mihi
1385 3931 1778 3996 observanda
1828 3938 2180 4017 supersunt.
2233 3932 2309 3997 P.
2357 3932 2519 3998 324:

796 4033 829 4104 ἦ
872 4037 986 4096 τῶν
1034 4035 1244 4109 ὁμοίων
1300 4033 1523 4114 αἵρεσις
1576 4037 1824 4112 μέλις-ά
1876 4063 2004 4110 πως

798 4139 904 4210 την
954 4145 1059 4202 τοῦ
1104 4140 1236 4216 βίον
1288 4143 1627 4222 σύγκρασιν
1682 4145 2063 4221 ὁμόνοιαν
2111 4153 2300 4222 ποιεῖ,

388 4247 669 4328 requiro:
724 4244 1082 4320 ὁμονοεῖν
1133 4254 1196 4311 et
1241 4249 1403 4330 quod
1456 4251 1891 4336 fragmentum
1943 4255 2221 4316 servavit
2261 4249 2542 4318 Galenus
2563 4253 2690 4319 vol.
2718 4254 2771 4318 V

390 4372 449 4433 p.
504 4352 631 4414 412
692 4358 755 4415 et
817 4351 1147 4418 Jacobsius
1198 4357 1509 4418 recensuit
1559 4361 1621 4419 in
1671 4357 1895 4444 Suppl.
1943 4358 2111 4422 Add.
2161 4381 2201 4444 p
2280 4357 2445 4436 293,
2493 4359 2558 4424 id
2609 4369 2768 4427 trac-

394 4468 565 4521 tatur
612 4479 645 4522 a
694 4457 932 4525 Cobeto
980 4462 1040 4522 in
1092 4459 1313 4524 Mnem
1392 4461 1544 4526 XII.
1600 4461 1750 4528 353.
1805 4463 1984 4544 Quod
2037 4465 2413 4546 ὑποβρύχιον
2458 4488 2572 4551 pro
2615 4467 2761 4535 ὑπο-

2423 4586 2486 4638 27
