3369 5142
1355 307 1745 370 comconmi.
2660 281 2747 366 49

727 505 807 563 A.
856 492 1052 560 ἐθέλω
1101 499 1420 573 γεωργεῖν.
1469 503 1540 560 Β.
1592 487 1733 557 εἶτα
1780 491 1877 565 τίς
1924 514 1995 558 σε
2042 490 2264 559 κωλύει
2281 511 2301 572 ;

734 611 815 668 A.
865 603 1074 679 ὑμεῖς·
1123 600 1295 665 ἐπεὶ
1345 598 1558 676 δίδωμι
1607 600 1831 682 χιλίας
1871 599 2167 681 δραχμάς
2190 650 2211 676 ,

866 707 973 772 έαν
1019 731 1102 784 με
1145 707 1264 770 τῶν
1311 706 1516 784 ἀρχῶν
1565 705 1803 786 α’φῆτε.

360 813 645 880 Arridet:
700 811 869 894 φέρ’
915 814 981 878 εἴ
1031 812 1263 889 δίδωμι.
1356 809 1434 876 Ρ.
1485 808 1616 876 987
1663 809 1834 896 quod
1878 810 2122 899 legitur
2166 811 2637 900 fragmentum:

631 920 683 985 εί
731 920 858 1000 γὰρ
905 919 1038 997 ἐμοὶ
1089 915 1469 998 παυσαμένῳ
1517 921 1624 981 τοῦ
1676 917 1951 994 πολέμου
1998 915 2233 996 γένοιτο

633 1027 885 1106 σκάψαι
935 1023 1337 1089 καποκλόισαι
1386 1046 1455 1088 τε
1504 1025 1609 1087 καὶ
1659 1021 2018 1103 λουσαμένῳ
2066 1022 2383 1092 διελκύσαι

635 1140 746 1206 τῆς
794 1129 1017 1212 τρυγὸς
1064 1131 1245 1211 ἄρτον
1290 1131 1629 1207 λιπαρὸν
1677 1128 1783 1193 καὶ
1830 1128 2106 1210 ῥάφανον
2152 1132 2501 1212 φέροντι,

352 1240 491 1324 jam
553 1236 689 1302 dixi
752 1236 892 1303 Mu.
953 1234 1125 1302 XVL
1195 1232 1328 1300 209
1391 1256 1505 1300 cur
1564 1234 1732 1299 mihi
1778 1234 2181 1301 scribendum
2228 1237 2523 1304 videatur
2567 1235 2749 1318 ἄρτον

363 1343 716 1426 ῥυπαρὸν
783 1343 887 1407 καὶ
961 1341 1236 1424 ῥάφανον
1306 1340 1695 1423 φαγόντι.
1792 1340 2235 1428 Distinguitur
2299 1344 2468 1408 inter
2526 1339 2748 1425 ἄρτους

249 1491 268 1510 .
364 1448 617 1522 λευκούς
683 1456 748 1514 et
808 1447 1026 1528 ἄρτους
1075 1447 1373 1530 ῥυπαρούς
1421 1453 1487 1512 et
1531 1466 1703 1511 nunc
1750 1447 2018 1512 conferri
2064 1449 2253 1514 iubeo
2300 1446 2750 1516 casaubonum

363 1558 650 1622 Animm.
695 1554 776 1621 ad
821 1553 1061 1620 Athen.
1107 1573 1169 1640 p.
1223 1551 1376 1618 508.
1423 1551 1500 1617 P.
1550 1549 1684 1617 994
1732 1550 2035 1639 euppleo:

682 1659 952 1746 (γελῶ)
1009 1657 1330 1740 Λάχητας
1357 1707 1374 1733 ,
1424 1655 1819 1736 Μεγακλέας
1869 1657 1973 1722 καὶ
2023 1657 2408 1741 Λαμάχους.

361 1766 820 1852 Aristophanes
837 1815 856 1852 ,
901 1764 1254 1831 secuudum
1301 1763 1566 1830 Suidam
1611 1765 1681 1828 in
1726 1783 1882 1829 voce
1927 1764 2291 1844 Εὐρύβατος
2309 1814 2329 1844 ,
2364 1769 2434 1832 in
2472 1767 2755 1838 Daedalo

364 1879 823 1962 argumentum
890 1871 1120 1938 habuit
1189 1872 1292 1937 τὸν
1357 1870 1486 1934 Δία
1550 1870 1637 1941 εἷς
1695 1870 1910 1936 πολλοὶ
1968 1869 2184 1936 ἑαυτὸν
2246 1875 2755 1953 μεταβάλλοντα

368 1982 472 2048 καὶ
520 1983 1047 2047 πλουτοῦντα
1097 1977 1202 2043 καὶ
1245 1980 1742 2056 πανουργοῦντα,
1789 1976 1899 2041 aed
1939 1979 2219 2065 corrige:
2263 1978 2753 2050 κλέπτοντα.

367 2086 564 2174 Apud
609 2085 946 2152 Pollucem
991 2083 1058 2148 X
1113 2081 1238 2148 158
1283 2085 1576 2168 requiro:

639 2193 692 2257 εί
739 2193 830 2268 μὴ
877 2189 1049 2255 δικῶν
1095 2214 1190 2269 γε
1237 2188 1550 2269 γύργαθος
1597 2185 2029 2268 ψηφισμάτων
2073 2212 2146 2254 τε
2192 2186 2450 2277 θωμός.,

367 2318 492 2364 non
537 2297 713 2363 δικῶν
757 2320 858 2362 τε.
951 2295 1189 2362 Itidem
1236 2316 1270 2361 e
1316 2292 1802 2360 Daetaleneibue
1845 2292 2217 2360 desumtum
2264 2302 2361 2362 est
2406 2297 2573 2383 quod
2619 2297 2760 2365 lau·

369 2403 481 2471 dat
515 2402 1005 2488 Harpocration:
1052 2397 1248 2466 έθέλω
1284 2399 1518 2481 βάψας
1558 2401 1703 2480 πρὸς
1729 2400 2090 2474 ναυτοδίκας
2119 2399 2281 2478 ξένον
2322 2401 2504 2480 zea!
2513 2409 2568 2484 φ
2588 2429 2665 2480 νη
2687 2430 2717 2479 ς
2739 2427 2756 2447 ·

368 2510 536 2599 quod
599 2516 816 2578 autem
879 2503 1200 2595 Sauppiue
1263 2504 1550 2593 supplet:
1619 2505 1917 2587 ἐξαίφνης
1981 2505 2039 2570 τ’
2087 2507 2386 2587 ἐπιδεῖξαι
2406 2558 2424 2595 ,
2475 2517 2757 2597 praestat

366 2620 469 2684 uti
513 2618 850 2684 existimo:
899 2612 1292 2697 ἐξαίφνης
1345 2611 1428 2700 (τ’
1474 2612 1960 2699 ἀποφῆναι).
2006 2612 2084 2680 Ρ.
2130 2614 2301 2683 1057
2343 2619 2753 2701 proverbium

371 2746 448 2791 ex
487 2721 816 2811 Hesychio
862 2720 1199 2787 laudatur:

726 2835 980 2910 χωρεῖ
1020 2824 1289 2900 ἄκλητος
1337 2825 1434 2889 ἀεὶ
1485 2823 1851 2899 δειπνήσων·
1904 2826 1969 2891 οὗ
2015 2824 2143 2906 γὰρ
2191 2825 2512 2908 ἄκανθαι,

365 2937 477 3004 aed
523 2935 715 3023 paulo
759 2932 993 3001 melius
1042 2932 1338 2997 convenit
1376 2933 1800 3016 imperativus
1837 2934 2098 3014 χώρει.
2145 2932 2265 3022 Pg.
2315 2933 2486 3001 1127
2524 2937 2757 3003 miror:

821 3040 1122 3116 ἀτταγᾶς
1172 3033 1370 3111 ἤδιςον
1419 3032 1589 3114 ἕψειν
1636 3037 1699 3101 έν
1740 3037 2049 3113 ἐπινικίοις
2095 3039 2295 3117 κρέας.

366 3148 532 3230 Quia
591 3148 661 3212 in
723 3142 1006 3211 triclinio
1063 3163 1206 3209 caro
1251 3163 1374 3208 non
1424 3147 1677 3208 assatur
1722 3144 1833 3209 sed
1878 3148 2254 3231 apponitur,
2302 3144 2510 3212 malo:
2561 3144 2759 3223 ἤδιςον

365 3251 643 3319 ἔσθειν
713 3258 778 3318 et
846 3253 1002 3316 eatis
1064 3254 1215 3315 nota
1275 3254 1372 3315 eet
1432 3247 1639 3314 forma
1702 3246 1907 3313 ἔσθειν
1974 3269 2088 3334 pro
2152 3248 2382 3316 ἐσθίειν
2444 3254 2643 3319 etiam
2690 3252 2762 3321 in

363 3358 711 3427 comoedia.
799 3354 966 3423 Avis
1035 3361 1358 3442 praeterea
1426 3352 1707 3419 ὀπτᾶται
1775 3373 1901 3419 non
1968 3350 2194 3433 ἕψεται
2224 3404 2242 3435 ,
2315 3362 2566 3423 assatur
2632 3380 2759 3425 non

363 3469 678 3553 coquitur.
772 3463 850 3531 P.
904 3461 1113 3529 1163:

899 3564 1097 3635 ἔπειθ’
1144 3564 1266 3633 ὅσοι
1315 3574 1603 3647 παρῆσαν
1650 3566 2045 3645 ἐπίσημοι
2092 3565 2288 3646 ξένοι,

909 3670 1356 3749 ἐπηκολούθουν
1405 3672 1813 3751 κήντεβόλουν
1861 3673 2322 3759 προσκείμενοι,

360 3783 591 3852 malim
641 3782 1020 3858 ἐπίδημοι
1069 3778 1256 3858 ξένοι,
1300 3780 1466 3865 quod
1506 3779 1902 3845 adiectivum
1942 3800 2021 3844 ex
2058 3777 2428 3864 Antiphane
2467 3783 2754 3850 enotavit

361 3891 782 3957 Antatticieta
825 3908 889 3973 p.
942 3885 1048 3952 93.
1099 3885 1204 3951 24.
1301 3884 1374 3951 Ρ.
1435 3884 1606 3951 1178
1654 3883 1913 3950 evidens
1955 3885 2258 3950 mendum
2298 3892 2395 3950 est
2434 3886 2502 3951 in
2533 3887 2757 3954 hisce:

454 3996 515 4061 έν
538 4004 665 4066 τοῖς
690 3992 879 4074 όρεσιν
904 3992 958 4057 δ’
999 4016 1043 4055 α
1061 3992 1094 4056 ὖ
1111 4014 1258 4069 τομ
1275 3990 1318 4054 οὶ
1340 4015 1375 4054 τ
1392 4014 1454 4056 οι
1477 4015 1602 4055 σιν
1642 3990 1727 4055 τὰ
1752 3991 2091 4068 μιμαίκυλ’
2118 3992 2347 4072 ἐφύετο
2374 3992 2631 4072 πολλὰ,

361 4124 486 4169 non
543 4104 717 4168 enim
783 4104 1032 4164 montes
1095 4097 1438 4173 αὐτόματοι
1497 4102 1683 4179 aunt,
1748 4095 1858 4160 sed
1904 4096 2243 4173 αὐτόματα
2292 4100 2751 4183 proveniebant

363 4209 450 4275 τὰ
512 4207 879 4286 μιμαίκυλα
899 4252 916 4281 ,
965 4206 1159 4271 sicuti
1196 4200 1495 4271 Cratinus
1532 4202 1701 4267 dixit
1722 4248 1740 4279 ,
1780 4202 1965 4267 cuiun
2003 4201 2395 4270 versiculum
2416 4202 2749 4275 Dobraeus

362 4314 764 4382 emendavit:

823 4419 974 4485 ἀλλ’
1020 4415 1332 4495 αὐτόματ’
1382 4415 1590 4489 αὐτοῖς
1641 4416 1769 4487 θεὸς
1819 4414 1971 4480 ἀνίει
2021 4410 2320 4497 τάγαθά.
