3369 5142
1315 320 1746 395 mmmmm.
2597 307 2727 395 149

339 515 593 599 opinor,
642 516 754 583 sed
800 522 877 583 ut
921 520 1206 604 primum
1253 516 1488 602 plausu
1535 528 1598 582 et
1637 518 1901 583 fortasse
1941 518 2206 585 dicendo
2246 514 2471 582 deinde
2506 516 2725 583 suffra-

336 621 464 707 giis
503 622 719 706 ipsum
773 624 1168 690 adiuvarent.
1215 622 1550 688 Praeterea
1594 621 1921 705 aliquanto
1964 626 2234 701 rectius,
2281 626 2338 687 si
2376 624 2726 689 retinemus

335 728 868 807 παρακελευςούς,
922 732 1213 815 sequitur
1256 728 1361 793 καὶ
1403 737 1531 801 τοῖς
1571 729 2003 811 πρεσβυτέροις
2046 728 2721 810 ὥντιπαρακελεύομαι.

335 830 426 898 Ut
462 834 829 901 Alcibiades
865 836 1116 903 iuvenis
1157 836 1437 901 iuniores
1478 834 1845 901 cohortatus
1882 836 2126 921 fuerat,
2166 838 2260 901 ita
2296 836 2512 902 Nicias
2534 856 2727 902 senex

336 944 554 1005 contra
598 941 892 1007 hortatur
935 943 1234 1009 seniores.

427 1044 526 1110 VI
575 1044 685 1111 14.
737 1048 1030 1126 νομίσας,
1094 1048 1146 1112 εί
1195 1046 1460 1128 όρρωδεῖς
1507 1047 1578 1111 τὸ
1625 1048 2069 1130 οὶναψηφίσαι,
2118 1048 2189 1114 τὸ
2228 1048 2343 1126 μὲν
2380 1046 2550 1113 λύειν
2582 1049 2727 1121 τοὺς

339 1150 554 1229 νόμους
618 1152 708 1230 μὴ
770 1154 941 1232 μετὰ
1004 1153 1244 1219 τοσῶνδ’
1312 1152 1387 1218 ἂν
1455 1153 1775 1234 μαρτύρων
1842 1154 2079 1219 αἰτίαν.
2116 1162 2298 1235 σχεῖν
2344 1162 2455 1229 τῆς
2506 1154 2567 1219 δὲ
2616 1152 2725 1218 πό·

337 1272 492 1330 λεως
555 1258 1241 1339 βουλευσαμένης
1310 1260 1514 1339 ίατρὸς
1564 1259 1641 1325 ἂν
1690 1259 1997 1337 γενέσθαι.
2094 1258 2201 1325 Sic
2248 1261 2476 1346 optimi
2521 1258 2719 1337 codd„

335 1364 406 1429 in
454 1364 872 1432 deterioribus
919 1366 1303 1450 quibusdam
1353 1372 1449 1431 est
1495 1373 1759 1440 κακῶς
1800 1366 2511 1445 βουλευσαμένηςὶ
2555 1366 2723 1452 quod

335 1469 507 1536 haud
571 1470 762 1537 dubie
829 1473 1210 1557 praeferrem
1229 1520 1247 1551 ,
1317 1472 1443 1537 nisi
1510 1478 1859 1558 utrumque
1930 1472 2321 1539 vocabulum
2386 1494 2421 1537 e
2484 1471 2723 1538 scholio

334 1596 624 1643 manasse
669 1583 965 1663 putarem
989 1626 1006 1657 ,
1058 1578 1244 1663 quale
1287 1581 1358 1644 in
1402 1584 1617 1644 nostra
1660 1578 2031 1644 collectione
2074 1584 2399 1645 servatum
2440 1584 2571 1645 est:
2609 1585 2723 1653 τῆς

335 1681 574 1755 πόλεως
619 1683 824 1763 ἰατρὸς
873 1686 1104 1765 γενήσῃ
1150 1691 1420 1755 κακῶς
1467 1684 2177 1763 βουλευσαμένης.

425 1786 520 1855 VI
569 1788 675 1870 16,
723 1792 759 1875 ᾖ
805 1793 868 1856 2.
919 1791 1170 1866 ἐνίκησα
1219 1792 1284 1857 δὲ
1332 1790 1438 1855 καὶ
1489 1790 1764 1872 δεύτερος
1813 1790 1918 1856 καὶ
1960 1790 2355 1869 τέταρτος
2400 1788 2719 1869 ἐγενόμην.

425 1894 674 1963 Tertiae
733 1896 1138 1963 Alcibiadem
1199 1896 1427 1963 tulisse
1490 1902 1711 1963 auctor
1774 1902 1869 1962 est
1928 1896 2269 1982 Euripides
2329 1897 2497 1981 apud
2540 1896 2719 1963 Plut.

335 2000 475 2069 Alc.
529 2002 636 2081 11,
687 2022 879 2088 quem
927 2004 1216 2089 sequitur
1261 2003 1567 2069 Isocrates
1613 2002 1769 2067 XVI
1818 2000 1926 2067 34.
1992 1999 2317 2068 Classenio
2362 2002 2729 2070 observanti

331 2108 578 2174 nullius
637 2112 830 2195 pretii
888 2130 1022 2176 esse
1069 2114 1289 2195 poetae
1335 2110 1777 2175 testimonium
1825 2129 1977 2194 prae
2023 2109 2392 2174 testimonio
2440 2108 2727 2175 historici

333 2213 680 2300 respondeo
741 2215 820 2282 de
883 2215 1018 2281 solo
1063 2221 1252 2302 poeta
1297 2222 1468 2282 certo
1512 2220 1799 2282 constare
1848 2215 2001 2301 quid
2050 2235 2117 2280 re
2163 2234 2313 2279 vera
2362 2216 2691 2300 scripserit
2705 2234 2723 2292 ;

333 2340 528 2406 quem
597 2322 666 2386 in
735 2321 904 2387 notis
974 2322 1418 2389 numeralibus
1484 2328 1790 2409 perpetuo
1861 2320 1995 2387 labi
2062 2320 2357 2387 librarios
2417 2342 2495 2386 ex
2550 2319 2730 2386 nullo

333 2428 640 2512 scriptore
697 2426 934 2493 melius
1001 2428 1160 2494 disci
1222 2430 1425 2514 possit
1485 2448 1680 2513 quam
1740 2448 1819 2493 ex
1862 2428 2002 2513 ipso
2049 2425 2447 2513 Thucydide.
2538 2426 2612 2491 In
2658 2447 2728 2492 re

333 2537 552 2599 tamen
599 2534 845 2602 incerta
891 2532 1058 2600 nihil
1101 2553 1337 2603 novare
1383 2536 1586 2600 satius
1630 2539 1747 2601 est.
1764 2575 1779 2590 ·

421 2637 590 2707 Ibid.
650 2642 686 2725 ᾖ
733 2640 795 2704 4.
858 2641 1010 2707 ἀλλ’
1057 2639 1256 2723 ὥσπερ
1305 2642 1721 2721 δυςυχοῦντες
1770 2642 1836 2706 οὐ
1893 2638 2714 2721 προσαγορευόμεθα,

335 2745 396 2809 ἐν
456 2747 542 2826 τῷ
593 2745 775 2828 ὁμοίῳ
816 2770 912 2820 τις
961 2747 1272 2827 οὶνεχέσθω
1321 2747 1426 2814 καὶ
1479 2748 1594 2814 ὑπὸ
1641 2755 1760 2813 τῶν
1810 2744 2281 2828 εὐπραγούντων
2327 2744 2727 2826 ὑπερφρονού-

333 2872 536 2927 μενος.
584 2849 861 2917 Pravam
907 2856 1370 2938 oppositionem
1419 2853 1575 2920 facit
1612 2852 1943 2942 Madvigii
1982 2854 2343 2920 coniectura
2388 2876 2438 2917 π
2453 2877 2483 2934 ρ
2502 2875 2529 2918 ο
2546 2876 2586 2916 σ
2603 2875 2647 2918 α
2662 2877 2721 2933 ρ-

334 2954 724 3034 κούμεθα.
817 2955 1078 3043 Optime
1141 2959 1333 3026 habet
1395 2960 1462 3024 οὐ
1511 2958 2133 3044 προσαγορευόμεθα,
2182 2982 2300 3024 non
2345 2959 2717 3037 subruamur,

329 3063 377 3128 i.
403 3081 458 3128 e.
511 3061 1068 3144 ὖπερφρονούμεθα.

429 3166 518 3233 vI
583 3167 688 3249 1¹7,
753 3168 815 3234 3.
881 3167 942 3248 δ’,
1001 3193 1062 3235 τι
1123 3167 1176 3235 δ’
1239 3167 1458 3244 ἔκαε-ος
1520 3171 1556 3248 ἢ
1619 3173 1689 3238 ἐκ
1750 3176 1856 3238 τοῦ
1919 3171 2121 3251 λέγων
2167 3171 2395 3236 πείθειν
2437 3157 2629 3237 οἴεται
2680 3171 2715 3244 ἢ

329 3274 646 3358 ςασιάζων
715 3277 841 3342 οὶπὸ
912 3281 1022 3343 τοῦ
1094 3281 1286 3342 κοινοῦ
1355 3277 1572 3356 λαβὼν
1643 3278 1845 3353 ἄλλην
1916 3283 2071 3356 γῆν,
2135 3278 2223 3355 μὴ
2289 3277 2715 3357 κατορθώσας,

327 3385 600 3447 ταῦτα
650 3381 1074 3464 ἑτοιμάζεται.
1141 3379 1496 3450 Verborum
1547 3384 1734 3449 ordo:
1784 3379 1851 3468 ὅ,
1898 3407 1960 3448 τι
2006 3382 2225 3461 λαβὼν
2272 3382 2467 3448 οἴεται
2515 3381 2719 3456 ἄλλην

328 3495 450 3564 γῆν
494 3488 756 3564 οἰκήσειν
779 3537 797 3568 ,
839 3495 1054 3556 ταῦτα
1094 3489 1515 3572 ἓτοιμάζεται.
1560 3488 1999 3577 Intellegenda
2040 3488 2308 3574 pecunia
2347 3487 2720 3574 reliquaque

325 3595 578 3676 ἀφανὴς
626 3597 840 3680 οὐσία,
887 3617 1050 3681 quae
1095 3599 1439 3682 opponitur
1483 3604 1626 3668 ταῖς
1675 3597 1953 3673 μονίμοις
2003 3601 2451 3667 κατασκευαῖς.
2544 3591 2717 3660 Male

324 3701 664 3767 novissimi
711 3701 982 3768 editores
1027 3697 1142 3779 ὅτι,
1193 3709 1258 3768 et
1303 3707 1484 3768 τοῦτο
1531 3701 1794 3768 Classen
1831 3700 2202 3788 intelligens
2244 3699 2315 3766 τὸ
2354 3698 2559 3773 ἄλλην
2592 3708 2714 3777 γῆν

325 3807 531 3872 οἰκεῖν.
595 3805 791 3873 Haud
852 3809 1067 3896 magis
1112 3808 1322 3894 placet
1376 3808 1636 3875 Useneri
1683 3808 2085 3874 schediasma
2128 3812 2343 3872 ταῦτα
2388 3804 2713 3888 σχεδιάζε-

323 3934 454 3980 ται.
545 3909 620 3979 Si
679 3912 834 3999 quid
878 3913 1265 3980 mutandum
1309 3915 1472 3981 foret
1521 3915 1717 4001 (quod
1764 3935 1888 3981 non
1937 3913 2058 4000 est)
2106 3933 2321 3998 posses
2367 3934 2516 3978 σπο
2536 3912 2713 3978 usai·

321 4019 364 4102 ζ
374 4045 407 4085 ε
423 4043 465 4084 τ
482 4042 560 4085 αι
607 4041 800 4086 sensu
845 4021 1118 4106 passivo.

413 4124 504 4190 VI
555 4123 659 4204 18,
707 4124 772 4192 2.
821 4131 1257 4208 Φυλοκρινοῖεν.
1303 4125 1488 4192 Unus
1523 4127 1658 4192 eod.
1688 4123 1773 4195 G.
1815 4147 1941 4192 non
1982 4127 2266 4212 optimus
2288 4129 2704 4207 Φιλοκρινοῒεν,

325 4251 515 4316 quam
563 4231 839 4299 formam
887 4253 1001 4300 cur
1037 4234 1260 4318 probet
1297 4231 1587 4298 Badham
1625 4231 1863 4299 vellem
1890 4231 2175 4298 dixisset.
2224 4231 2513 4299 Alteram
2538 4233 2715 4296 enim

329 4343 684 4425 agnoscunt
750 4341 1195 4426 grammatici,
1267 4337 1636 4427 Hesychius
1653 4387 1670 4418 ,
1743 4359 2018 4427 gramm.
2094 4337 2299 4403 Bekk.
2370 4337 2401 4401 I
2461 4357 2526 4421 p.
2594 4336 2673 4400 71
2694 4379 2713 4416 ,

327 4441 564 4510 Pollux
609 4443 770 4511 VIII
817 4445 966 4512 110.
