3369 5142
1361 342 1777 393 meorumue.
2629 324 2756 391 439

383 522 553 585 tione
602 515 898 584 Graeculi
946 516 1187 582 addunt
1236 518 1427 591 αὐτῆς
1445 565 1463 594 ,
1513 516 1772 583 Veteres
1809 536 1932 581 non
1974 519 2154 583 item.
2195 514 2566 603 praesertim
2609 517 2760 601 quia

382 627 671 713 proxime
720 624 1070 708 praecedit:
1120 624 1225 687 καὶ
1278 624 1565 695 πεσόντος
1618 626 1827 688 αὐτοῦ.

474 838 765 925 Thucyd.
814 836 928 901 IV.
986 820 1085 901 121.
1145 836 1203 903 3.
1257 835 1501 915 ἐγένετο
1549 837 1575 899 ὃ
1628 834 1872 913 θόρυβος
1922 836 2132 914 μέγας
2185 836 2350 923 [καὶ]
2392 838 2756 915 ἀντηλλαγ-

382 946 563 1021 μένου
624 948 729 1009 τοῦ
780 945 1074 1023 ἑκατέρων
1121 942 1343 1021 τρόπου
1392 944 1524 1023 περὶ
1575 942 1693 1014 τὰς
1744 948 1910 1013 ναῦς.
1985 943 2164 1008 Libri
2209 943 2754 1021 ἀπηλλαγμένος,

382 1052 549 1137 quod
596 1052 754 1117 bene
798 1057 1151 1117 correctum
1201 1052 1309 1116 sed
1358 1051 1574 1116 eadem
1623 1069 1810 1135 opera
1856 1050 1964 1113 καί
2009 1056 2396 1137 expunctum
2437 1050 2756 1135 oportuit,

381 1159 547 1243 quod
600 1180 766 1224 nune
811 1160 1042 1223 vitiose
1090 1158 1386 1223 abundat.

470 1370 543 1437 In
612 1372 792 1437 libris
862 1378 958 1437 est
1012 1370 1103 1435 IV
1110 1418 1125 1435 .
1196 1369 1295 1433 15.
1358 1367 1551 1445 ἔδοξεν
1615 1372 1826 1441 αὐτοῖς
1877 1408 1958 1419 —-
2002 1372 2088 1435 τα
2135 1370 2283 1443 τέλη
2337 1370 2752 1448 καταβάντας

386 1479 445 1553 ἐς
511 1480 577 1543 τὸ
626 1478 994 1557 ςρατύπεδον
1039 1476 1359 1555 βουλεύειν
1407 1486 1803 1557 παραχρῆμα
1852 1478 2190 1557 ὁρῶντας
2245 1476 2310 1556 ὅ,
2354 1502 2412 1542 τι
2461 1476 2536 1543 ἂν
2590 1479 2751 1557 δοκῇ.

383 1584 507 1650 Pro
554 1585 824 1651 absurdo
872 1586 1129 1663 ὁρῶντας
1168 1586 1425 1649 restitui
1464 1585 1630 1668 quod
1668 1588 1831 1649 ratio
1873 1584 2154 1670 postulat
2193 1584 2454 1665 δρῶντας
2495 1592 2558 1650 et
2583 1584 2756 1649 mul·

384 1693 467 1755 tis
528 1691 834 1777 exemplis
882 1691 1127 1755 ostendi
1174 1691 1311 1769 ὁρᾶν
1360 1698 1425 1755 et
1470 1690 1611 1767 δρᾶν
1662 1694 1830 1755 inter
1868 1712 1934 1755 se
1980 1692 2252 1756 misceri.
2341 1690 2514 1757 Hine
2568 1694 2756 1759 corri-

376 1798 585 1887 genda
628 1804 723 1865 est
768 1797 1181 1863 Herwerdeni
1226 1800 1565 1862 annotatio,

462 2009 751 2095 Thucyd.
802 2008 915 2073 IV.
972 2004 1073 2072 16.
1125 2006 1185 2071 2.
1238 2004 1297 2085 ὅ,
1351 2032 1409 2072 τι
1460 2008 1512 2073 δ’
1568 2005 1643 2071 ἂν
1696 2010 1926 2072 τούτων
1975 2008 2442 2087 παραβαίνωσιν
2482 2007 2753 2088 ἑκάτεροι

379 2119 510 2204 [καὶ
576 2118 768 2182 ὃτιοῦν
827 2115 995 2199 τότε]
1042 2112 1337 2178 λελύσθαι
1394 2116 1510 2185 τας
1563 2114 1852 2185 σπονδάς.
1923 2114 2063 2180 Non
2109 2123 2371 2200 possunt
2417 2120 2483 2181 in
2531 2118 2752 2183 eadem

372 2227 683 2291 sententia
744 2222 1044 2307 coniungi
1110 2216 1174 2297 δ’,
1236 2244 1293 2283 τι
1346 2226 1409 2285 et
1456 2223 1669 2286 ὁτιοῦν.
1763 2219 1988 2285 Dicam
2042 2223 2206 2287 unde
2255 2222 2522 2287 molesta
2560 2223 2756 2286 verba

372 2332 765 2417 irrepserint:
838 2348 1065 2413 nempe
1129 2348 1206 2391 ex
1270 2348 1404 2413 cap.
1477 2326 1585 2393 23.
1650 2326 1842 2406 εἴρητο
1899 2329 2006 2392 ἐὰν
2055 2327 2188 2391 καὶ
2239 2329 2495 2391 ὁτιοῦν
2547 2351 2750 2408 παρα-

374 2438 539 2521 βαθῇ
612 2426 909 2500 λελύσθαι
975 2434 1090 2506 τὰς
1152 2434 1439 2505 σπονδάς.
1490 2434 1778 2499 Utuntur
1823 2434 2236 2499 Athenienses
2281 2437 2515 2499 acriore
2559 2436 2752 2499 verbo

356 2546 483 2620 ,sed
546 2545 717 2611 idem
778 2538 1195 2630 significante.
1270 2540 1365 2606 Ex
1415 2540 1631 2608 eodem
1683 2540 1819 2607 loco
1867 2547 2126 2627 apparet
2173 2540 2314 2606 τότε
2363 2562 2496 2608 esse
2544 2540 2749 2607 delen·

374 2655 526 2718 dum
572 2673 722 2717 nam
769 2651 1075 2734 temporis
1120 2647 1499 2734 significatio
1548 2669 1583 2712 a
1631 2647 1756 2713 loci
1798 2649 2109 2712 sententia
2161 2649 2476 2714 abhorret.

466 2863 753 2952 Thucyd.
818 2863 929 2930 IV.
996 2862 1098 2927 16.
1141 2863 1207 2926 2.
1260 2864 1579 2927 ἐσπεῖσθαι
1632 2863 1681 2927 δ’
1734 2863 1933 2934 αὐτας
1985 2862 2172 2942 μέχρι
2225 2860 2292 2928 οὗ
2339 2861 2755 2928 ἐπανέλθωσιν

380 2971 483 3060 [οἵ]
551 2973 617 3036 ἐκ
664 2977 779 3036 τῶν
832 2969 1093 3044 Ἀθηνῶν
1142 2969 1640 3044 Λακεδαιμονίων
1691 2969 2002 3046 πρέσβεις.
2097 2968 2410 3034 Delendus
2459 2977 2555 3034 est
2601 2975 2755 3036 arti-

373 3079 585 3146 culus.
636 3099 909 3162 namque
956 3098 1121 3140 nunc
1170 3079 1451 3160 primum
1490 3077 1567 3142 de
1606 3077 1840 3164 legatis
1887 3077 2166 3140 Athenas
2189 3078 2522 3142 mittendis
2549 3099 2755 3142 sermo

374 3196 501 3253 est:
565 3188 615 3250 οἱ
682 3184 968 3264 πρέσβεις
1038 3184 1270 3248 dieitur
1337 3184 1443 3247 ubi
1494 3183 1569 3247 de
1616 3182 1848 3270 legatis
1895 3189 2040 3246 ante
2088 3189 2220 3246 erat
2267 3189 2516 3265 aetum,
2568 3191 2642 3247 ut
2687 3187 2755 3246 in

372 3313 499 3380 sqq.
554 3313 589 3378 5
638 3291 697 3356 3.
750 3291 853 3354 καὶ
902 3293 952 3354 οἱ
1002 3289 1289 3370 πρέσβεις
1331 3289 1771 3362 άπεςάλησαν.

466 3501 754 3588 Thucyd.
822 3497 930 3564 IV.
1004 3501 1104 3565 17.
1158 3499 1219 3562 2.
1270 3497 1409 3568 τοὺς
1454 3497 1517 3562 δὲ
1568 3496 1788 3574 λόγους
1842 3499 2298 3584 [μακροτέρους]
2351 3501 2416 3564 οὖ
2467 3499 2640 3578 παρὰ
2689 3499 2756 3562 τὸ

373 3607 567 3675 εἰωθὸς
626 3609 1007 3681 μηκυνοῦμεν
1068 3606 1218 3667 α’λλ’
1288 3605 1601 3684 ἐπιχώριον
1650 3604 1709 3668 ὃν
1761 3607 1906 3680 ἡμῖν
1953 3601 2022 3668 οὖ
2067 3607 2178 3678 μὲν
2221 3605 2296 3668 ἂν
2345 3607 2615 3685 βραχεῖς
2657 3608 2762 3686 άρ-

372 3719 517 3776 κῶσι
584 3715 671 3788 μη
736 3721 985 3784 πολλοῖς
1050 3714 1354 3792 χρῆσθαι.
1407 3711 1645 3775 πλείοσι
1695 3713 1747 3776 δ’
1796 3713 1854 3774 ἐν
1897 3705 1939 3792 ᾧ
1991 3711 2064 3776 ἂν
2117 3716 2315 3790 καιρὸς
2367 3710 2400 3792 ᾖ
2451 3711 2759 3778 διδάσκον-

372 3821 489 3891 τάς
556 3844 615 3884 τι
679 3819 796 3884 τῶν
866 3819 1163 3898 προῦργου
1239 3817 1499 3902 [λέγοις]
1548 3817 1617 3879 τὸ
1669 3818 1794 3881 δέον
1843 3816 2154 3895 πράσσειν.
2217 3819 2430 3884 Facile
2475 3823 2756 3904 persuasi

367 3925 793 3993 Herwerdeno
862 3925 1267 4002 μακροτέρους
1340 3927 1663 4008 pet-inepte
1739 3925 2030 3989 additum
2105 3929 2382 4013 expungi
2454 3933 2758 4009 oportere.

364 4033 613 4100 Passim
674 4032 916 4119 legitur
978 4052 1049 4095 eo
1094 4053 1283 4096 sensu
1330 4039 1441 4095 aut
1488 4030 1774 4106 μηκύνειν
1823 4031 2110 4096 absolute
2156 4039 2267 4097 aut
2315 4035 2602 4106 μηκύνειν
2653 4035 2754 4097 τὸν

365 4137 551 4216 λόγον
599 4155 713 4204 aut
758 4135 895 4202 τοὺ-τ
946 4135 1165 4213 λόγους
1216 4147 1329 4202 aut
1380 4139 1545 4222 apud
1594 4138 1900 4225 Tragicos
1949 4137 2236 4212 μηκύνειν
2286 4138 2528 4214 λόγους.
2617 4139 2750 4204 He·

366 4245 623 4310 rodotus
665 4243 747 4310 ῙῙ.
809 4245 911 4309 15.
962 4241 1224 4325 ἔρχομαι
1274 4243 1405 4322 περὶ
1460 4245 1788 4323 Αἰγύπτου
1835 4243 2144 4318 μηκυνέων
2190 4245 2293 4307 τὸν
2343 4244 2548 4319 λόγον.
2596 4245 2756 4310 Sub·

370 4351 533 4416 oluit
592 4353 831 4438 aliquid
899 4349 1140 4418 Graeco
1200 4350 1479 4429 homini,
1548 4355 1656 4436 qui
1706 4353 2068 4416 annotavit:
2145 4349 2422 4426 περιττὸν
2471 4351 2540 4414 τὸ
2601 4375 2733 4432 „aa

375 4459 719 4539 κροτέρους”
796 4459 958 4536 ἤρκει
1032 4458 1156 4537 γάρ
1222 4459 1410 4520 εἰπεῖν
1480 4459 1659 4534 „robe
1721 4457 1782 4520 δὲ
1845 4457 2064 4534 λόγους
2110 4459 2174 4522 οὖ
2225 4457 2396 4537 παρὰ
2445 4461 2514 4522 τὸ
2565 4457 2758 4529 εἰωθὸς
