3369 5142
598 303 727 372 166
1564 323 2000 375 rnuornmiu.

602 495 1203 578 ὑποτείχισμα,
1258 499 1293 573 ἧ
1342 495 1394 563 δ’
1442 494 1609 572 ἄλλη
1656 497 1886 578 ςρατιοὶ
1933 495 2122 580 δίχα,
2173 498 2208 572 ἦ
2254 495 2370 575 μὲν
2409 491 2582 572 μετὰ
2624 495 2732 557 τοῦ
2779 484 2978 571 ἑτέρου

602 607 919 686 ερατηγοῦ
988 604 1134 684 πρὸς
1203 603 1315 678 τὴν
1374 603 1586 681 πόλιν,
1652 604 1704 668 εἰ
1767 603 2176 687 ἒπιβοηθοῖεν,
2240 602 2535 684 ἐχώρουν,
2604 601 2638 675 ἧ
2688 597 2754 663 δὲ
2803 597 2976 675 μετὰ

603 715 711 776 τοῦ
781 709 979 790 ἑτέρου
1028 709 1171 791 πρὸς
1219 709 1289 774 τὸ
1336 709 1725 792 ςαύρωμα
1771 713 1842 777 τὸ
1887 710 2062 793 παρὰ
2107 709 2218 784 τὴν
2265 707 2500 773 πυλίδα
2549 705 2653 770 καὶ
2704 703 2982 784 προσβα-

604 815 816 888 λόντες
878 817 931 881 οἱ
994 815 1445 894 τριακόσιοι
1510 815 1740 896 αἱροῦσι
1799 817 1869 882 τὸ
1935 815 2352 895 ςαύρωμα·
2419 812 2521 878 καὶ
2587 812 2638 876 οἱ
2691 813 2980 892 Φύλακες

604 921 761 988 αὐτὸ
818 919 1175 994 ἐκλιπόντες
1238 921 1597 1004 κατέφυγον
1652 923 1739 995 εἷς
1803 923 1873 986 τὸ
1937 923 2356 1002 προτείχισμα
2407 918 2476 985 τὸ
2524 917 2660 997 περὶ
2710 916 2814 980 τὸν
2862 924 2984 980 Τε-

607 1027 880 1106 ucula-nv.
972 1027 1241 1094 Prorsus
1299 1028 1673 1095 incredibile
1733 1034 1830 1094 est
1875 1028 2044 1113 quod
2087 1032 2353 1092 sumunt
2396 1027 2772 1110 interpretes
2815 1020 2986 1086 'Phu-

603 1132 901 1221 cydidem
920 1181 936 1212 ‚
986 1135 1113 1198 nisi
1158 1133 1319 1199 forte
1363 1133 1433 1198 id
1478 1137 1687 1222 egisse
1729 1133 2077 1200 censendus
2123 1139 2220 1199 est
2269 1136 2344 1196 ut
2390 1151 2583 1216 quam
2622 1129 2987 1195 obscurissi-

604 1259 783 1306 mam
829 1238 1119 1305 redderet
1164 1241 1589 1306 narrationem
1610 1287 1625 1317 ,
1674 1241 1846 1325 quod
1878 1240 2072 1306 modo
2103 1243 2438 1306 vocaverat
2463 1237 2530 1301 τὸ
2559 1233 2985 1314 ὑποτείχισρια

606 1343 834 1411 deinde
880 1344 1228 1431 appellasse
1274 1346 1344 1411 τὸ
1393 1346 1692 1426 ςαύρωμα
1715 1395 1733 1430 ,
1785 1345 1976 1431 idque
2023 1345 2408 1431 praegressis
2454 1343 2668 1409 verbis
2717 1343 2750 1418 ἧ
2797 1340 2860 1406 δὲ
2903 1377 2980 1390 —-

607 1451 755 1532 πρὸς
816 1451 887 1516 τὸ
933 1450 1323 1531 ςαύρωμα
1380 1451 1450 1516 τὸ
1497 1452 1670 1531 παρὰ
1720 1453 1829 1527 τὴν
1878 1451 2148 1536 πυλίδα,
2196 1449 2274 1515 de
2322 1469 2448 1534 quo
2493 1448 2843 1514 necessario
2893 1464 2990 1512 co-

608 1557 816 1645 gitare
877 1555 1101 1622 debeat
1162 1555 1363 1622 lector
1422 1556 1642 1645 legens
1701 1557 1898 1624 verba
1959 1555 2420 1639 προσβαλόντες
2482 1591 2564 1604 —-
2626 1553 2858 1632 αἱροῦσι
2921 1553 2990 1616 τὸ

607 1685 707 1731 τα
726 1662 1017 1743 ύρωμα.
1120 1661 1543 1729 Manifestum
1628 1663 1792 1729 mihi
1876 1662 2132 1729 videtur
2211 1659 2658 1748 Thucydidem
2748 1658 2994 1724 dedisse

610 1769 841 1850 αἱροῦσι
904 1769 973 1834 τὸ
1024 1769 1597 1850 ὑποτείχισμα
1625 1819 1639 1844 ,
1691 1767 1801 1835 sed
1849 1767 2322 1835 somnolentum
2371 1766 2710 1832 librarium
2759 1784 2872 1848 pro
2919 1782 2994 1828 eo

610 1876 1018 1941 substituisse
1064 1873 1449 1942 vocabulum
1493 1876 1617 1940 sibi
1666 1872 1917 1939 ἔναυλον
1963 1897 1998 1940 e
2037 1895 2224 1942 versu
2263 1891 2631 1960 praegresso
2669 1869 2988 1948 ςαύρωμα.

612 1979 821 2047 Paene
844 1979 1024 2046 doleo
1047 1981 1378 2046 hominem
1401 2001 1549 2047 mox
1574 1983 1890 2046 intactum
1917 1979 2246 2066 reliquisse
2270 1979 2340 2044 τὸ
2375 2004 2424 2044 π-
2443 2002 2472 2058 ρ
2493 2002 2520 2043 ο
2539 2003 2621 2043 τε
2644 1977 2666 2042 ί
2679 1998 2732 2057 χ
2751 2000 2769 2041 ι
2789 1999 2826 2040 σ
2843 2001 2894 2054 μ.
2911 1999 2956 2040 α
2973 2024 2992 2049 .

610 2105 983 2171 persuasum
1033 2088 1205 2151 enim
1257 2086 1457 2152 habeo
1502 2107 1738 2171 paucos
1783 2107 2055 2152 errorem
2102 2085 2290 2152 hodie
2338 2105 2472 2151 esse
2523 2083 2994 2150 animadversu-

612 2210 742 2269 ros,
793 2193 1123 2277 pauciores
1168 2203 1572 2258 correcturos.

703 2294 791 2361 VI
857 2293 987 2360 103
1048 2298 1085 2381 ᾖ
1132 2295 1195 2362 3.
1259 2297 1361 2362 καὶ
1422 2295 1641 2362 πάντα
1687 2298 2022 2378 προυχώρει
2073 2299 2284 2369 αὐτοῖς
2332 2299 2392 2372 ἐς
2440 2295 2810 2367 ἐλπίδας.
2899 2293 2998 2359 Ita

611 2401 764 2468 libri
811 2420 1029 2469 omnes
1075 2408 1323 2488 praeter
1370 2402 1751 2470 Vaticanum
1773 2453 1790 2482 ,
1843 2404 2008 2470 unde
2046 2403 2306 2470 Classen
2340 2405 2624 2490 reposuit
2670 2401 2755 2466 ἕλ
2779 2401 2867 2466 πί
2885 2399 2996 2465 δα.

616 2507 832 2590 Quum
877 2512 1225 2596 utrumque
1271 2514 1441 2577 recte
1487 2508 1772 2595 dicatur,
1819 2516 1966 2577 utra
2007 2509 2198 2577 lectio
2241 2507 2651 2596 praeferenda
2689 2510 2812 2587 sit,
2852 2526 3000 2594 pen-

616 2614 725 2681 det
786 2636 824 2681 a
883 2614 1193 2681 librorum
1250 2616 1661 2695 testimoniis,
1714 2637 1918 2701 neque
1964 2618 2157 2682 unius
2202 2615 2495 2682 Vaticani
2543 2618 2889 2682 auctoritas
2933 2614 3001 2679 in

615 2720 734 2787 hoc
782 2722 1041 2806 quidem
1088 2720 1252 2788 libro
1302 2720 1479 2809 (Vid.
1528 2719 1787 2787 Classen
1810 2772 1825 2797 ‚
1888 2723 2083 2807 praef.
2147 2722 2226 2787 ad
2287 2720 2432 2788 libr.
2483 2722 2633 2788 VIII
2695 2744 2758 2809 p.
2823 2719 2996 2806 XIV)

614 2828 1007 2913 reliquorum
1066 2829 1357 2893 omnium
1412 2826 1707 2893 codicum
1765 2828 2093 2894 consensui
2150 2829 2585 2914 anteponenda
2629 2833 2759 2906 est,
2809 2846 2996 2911 quem

618 2954 993 3000 consensum
1052 2932 1117 2997 h.
1159 2932 1204 2997 l.
1266 2936 1525 3020 egregie
1588 2932 1922 3000 confirmat
1983 2934 2323 2999 manifesta
2383 2934 2657 3014 ann’m
2717 2934 2998 2999 imitatio

617 3040 953 3107 scribentis
995 3040 1073 3112 ὥς
1120 3038 1283 3103 οὐδὲν
1330 3039 1662 3120 προυχώρει
1711 3041 1774 3112 ἐς
1823 3038 2116 3117 ἐλπίδας,
2167 3042 2232 3104 in
2281 3040 2512 3104 Hislor.
2549 3040 2756 3104 Graec.
2783 3044 2990 3102 minor.

616 3164 681 3229 p.
736 3141 883 3221 190,
932 3164 1024 3229 sq.
1074 3144 1171 3209 ed.
1220 3142 1564 3229 Dindorfii‚
1614 3147 1798 3209 cuius
1837 3144 2202 3210 consulatur
2235 3144 2555 3210 Praefatio
2596 3166 2656 3229 p.
2685 3143 2992 3209 XXXIX.

712 3248 809 3317 VI
860 3250 1004 3316 105.
1053 3250 1407 3316 Narrantur
1452 3248 1941 3316 Lacedaemonii
1979 3252 2404 3316 incursionem
2445 3250 2666 3315 secisse
2705 3253 2772 3314 in
2799 3252 2994 3337 Argo-

610 3356 809 3425 lidem
829 3404 844 3435 ,
902 3356 1168 3443 Argivis
1215 3361 1431 3421 autem
1480 3354 1679 3421 classe
1727 3376 1913 3441 opem
1960 3355 2231 3421 ferentes
2275 3356 2694 3421 Athenienses
2735 3354 2998 3421 Laconi-

615 3485 727 3531 cae
794 3483 969 3529 oram
1036 3464 1435 3526 maritimam
1498 3461 1863 3545 depopulati
1936 3481 2088 3525 esse.
2183 3460 2348 3525 Tum
2419 3461 2576 3527 haee
2645 3467 2996 3545 sequuntur

614 3573 681 3635 in
730 3570 939 3654 eapite
982 3574 1301 3633 extremo:
1353 3567 1884 3646 ἀναχωρησάντων
1931 3566 1995 3632 δὲ
2044 3572 2158 3631 τῶν
2205 3563 2552 3641 Ἀθηναίων
2599 3568 2666 3631 ἐκ
2711 3572 2817 3631 τοῦ
2850 3570 2997 3644 ’Ἃρ-

616 3697 765 3755 γους
812 3680 997 3746 ταῖς
1046 3674 1280 3737 ναυσὶ
1332 3672 1458 3737 καὶ
1508 3678 1625 3735 τῶν
1676 3670 2178 3749 Λακεδαιμονίων
2219 3673 2270 3735 οἱ
2306 3674 2574 3751 Ἀργεῖοι
2617 3672 2994 3751 ἐσβαλόντες

616 3782 676 3854 ἐς
726 3782 837 3852 τὴν
884 3780 1222 3844 Φλειασίων
1270 3786 1381 3852 τῆς
1429 3801 1498 3842 τε
1548 3786 1666 3856 γῆς
1718 3780 1918 3844 αὐτῶν
1966 3776 2183 3855 ἔτεμον
2231 3778 2334 3843 καὶ
2387 3779 2762 3845 ἀπέκτεινάν
2801 3802 2996 3854 τινας,

616 3886 719 3951 καὶ
782 3885 1059 3959 ἀπῆλθον
1104 3885 1201 3948 ἐπ’
1250 3882 1429 3948 οἴκου.
1524 3884 1944 3949 Athenienses
1992 3884 2371 3951 Laconicam
2421 3886 2824 3952 devastantes
2870 3903 2994 3950 non

612 3996 903 4077 poterant
947 3990 1263 4056 discedere
1310 4009 1387 4054 ex
1433 3987 1768 4076 Argolide,
1823 4010 2022 4075 eaque
2067 4012 2256 4057 causa
2303 3991 2429 4057 fuit
2475 4012 2590 4057 cur
2630 3989 2997 4057 Classenius

612 4098 808 4165 verba
851 4096 919 4161 ἐκ
965 4099 1072 4162 τοῦ
1110 4097 1383 4174 Ἄργους
1430 4095 1894 4179 transponenda
1942 4102 2222 4163 censeret
2267 4103 2412 4181 post
2472 4097 2992 4173 Λακεδαιμονίων.

612 4202 801 4285 Quali
860 4202 1243 4268 correctione
1303 4198 1492 4265 ulcus
1536 4220 1643 4264 me
1689 4200 1900 4265 iudice
1947 4202 2274 4289 obtegitur
2321 4204 2538 4289 magis
2573 4222 2770 4288 quam
2819 4222 2990 4268 sana·

608 4316 735 4376 tur.
830 4307 1079 4393 Quippe
1145 4303 1561 4371 manifestum
1628 4326 1764 4371 esse
1839 4306 2112 4372 arbitror
2176 4307 2460 4394 Argivos
2524 4310 2864 4373 incurrisse
2923 4309 2992 4371 in

605 4414 960 4487 Phliasiam
971 4460 989 4491 ,
1060 4418 1402 4497 antequam
1468 4411 1887 4477 Athenienses
1951 4413 2284 4479 redeuntes
2357 4415 2424 4477 in
2493 4416 2765 4499 patriam
2817 4418 2996 4479 metu
