3369 5142
1130 1090 1134 1093 ⁵
1221 1139 1336 1214 AD
1383 1137 1915 1216 FRAGMENTA

877 1375 1506 1466 COMICORUM
1542 1376 2247 1494 ‚GRAECORUM

1411 1625 1695 1675 somma*

1254 1829 1320 1896 S.
1381 1831 1465 1896 A.
1535 1830 1849 1899 NABER„

1375 2085 1763 2124 -οηο-ῲ

464 2307 710 2375 Cratini
757 2309 951 2377 verba
995 2311 1178 2384 sunt,
1231 2327 1390 2392 quae
1427 2305 1770 2372 laudantur
1810 2307 1888 2372 ab
1927 2308 2251 2374 Athenaeo
2288 2306 2394 2373 IV.
2422 2329 2478 2394 p.
2516 2305 2642 2371 164
2666 2306 2752 2372 E:

644 2411 801 2489 εἶδες
849 2415 960 2488 τὴν
1009 2413 1254 2479 Θασίαν
1301 2409 1512 2490 ἅλμην
1560 2407 1636 2477 οἷ’
1680 2411 1855 2476 ἄττα
1902 2411 2160 2495 eamn

641 2523 718 2594 ὥς
768 2518 834 2588 εὖ
880 2520 984 2586 και)
1032 2519 1282 2602 ταχέως
1332 2517 1682 2584 ἀπετίσατο
1729 2519 1833 2584 καὶ
1884 2529 2302 2601 παραχρῆμα.

645 2629 712 2692 οὗ
759 2627 963 2705 μέντοι
1013 2626 1188 2707 παρὰ
1237 2624 1442 2708 κωφὸν
1489 2626 1516 2689 ὃ
1563 2626 1806 2707 τυφλὸς
1855 2624 2011 2690 ἔοικε
2058 2634 2445 2700 λαλῆσαι.

461 2733 558 2798 De
604 2736 918 2799 sententia
961 2732 1088 2798 loci
1133 2732 1324 2797 hodie
1371 2736 1618 2798 constat
1664 2738 1728 2796 et
1776 2730 2143 2798 Meinekius
2160 2780 2176 2811 ,
2222 2733 2334 2817 qui
2368 2734 2437 2796 in
2476 2730 2753 2797 editione

371 2840 880 2927 fragmentorum
924 2838 1154 2904 leviter
1201 2842 1554 2923 erraverat,
1599 2842 1817 2923 postea
1862 2837 2129 2903 meliora
2176 2837 2350 2904 dedit
2394 2840 2463 2903 in
2500 2838 2749 2903 Adden-

372 2944 490 3010 dis.
585 2940 832 3010 Cratini
899 2942 1118 3008 fabula
1181 2942 1307 3007 fuit
1325 2990 1341 3019 ,
1411 2945 1480 3007 in
1549 2963 1675 3027 qua
1743 2942 2159 3009 Archilochus
2226 2943 2461 3028 aliique
2530 2948 2749 3030 poetae

369 3049 818 3116 maledicentia
888 3054 952 3114 et
1020 3050 1321 3115 conviciis
1366 3050 1535 3113 inter
1579 3069 1646 3113 se
1694 3049 2038 3115 certabant.
2130 3048 2479 3134 Postquam
2541 3052 2750 3114 nescio

371 3158 514 3241 quis
579 3158 649 3220 in
720 3153 1015 3220 rabidum
1078 3158 1332 3239 poetam
1395 3154 1616 3219 acerbe
1677 3156 1970 3220 invectus
2030 3155 2273 3232 fuerat,
2330 3158 2596 3244 regessit
2642 3156 2746 3219 hic

370 3260 538 3347 quod
615 3258 997 3325 Archilocho
1079 3258 1352 3347 dignum
1437 3262 1602 3341 erat,
1692 3257 1916 3324 deinde
1995 3260 2255 3338 chorus,
2324 3264 2425 3326 uti
2491 3263 2712 3349 opinor
2729 3310 2746 3339 ‚

371 3366 715 3433 exclamat:

827 3468 982 3545 εἶδες
1031 3472 1140 3545 τὴν
1187 3472 1432 3537 Θασίαν
1479 3466 1691 3549 ἅλμην
1738 3466 1811 3535 οἷ’
1857 3469 2026 3537 ἄττα
2075 3470 2331 3553 βαΰζει;

371 3598 522 3644 nam
591 3580 861 3644 minime
932 3582 1027 3644 est
1097 3578 1368 3643 dubium
1389 3625 1405 3654 ,
1479 3580 1634 3663 quin
1706 3576 2131 3644 Archilochus
2148 3626 2164 3657 ,
2237 3580 2347 3664 qui
2414 3580 2751 3647 Pariorum

373 3683 687 3749 coloniam
729 3686 796 3748 in
834 3683 1114 3749 insulam
1157 3682 1442 3749 Thasum
1481 3682 1779 3761 deduxit,
1820 3689 2073 3769 propter
2096 3686 2511 3751 acrimoniam
2538 3686 2751 3751 Θασία

371 3786 547 3867 ἅλμη
613 3790 880 3855 dicatur.
975 3790 1117 3855 Non
1183 3790 1448 3874 impune
1511 3786 1667 3853 tulit
1730 3790 2017 3874 quisquis
2062 3788 2187 3854 fuit
2234 3792 2343 3875 qui
2388 3790 2753 3878 Lycambae

369 3915 678 3983 generum
723 3894 970 3961 laedere
1020 3915 1213 3961 ausus
1261 3900 1392 3959 est:
1443 3894 1508 3958 οὐ
1549 3892 1755 3971 μέντοι
1796 3895 1968 3975 παρὰ
2008 3896 2213 3976 κωφὸν
2253 3896 2279 3959 ὅ
2319 3900 2559 3979 τυφλὸς
2601 3897 2752 3965 ἔοικε

369 4008 668 4073 λαλῆσαι.
765 3999 909 4065 Duo
948 4006 1100 4065 sunt
1136 4002 1205 4064 in
1243 4000 1344 4065 his
1389 3998 1602 4066 verbis
1649 4000 1881 4084 quibus
1928 4000 2221 4081 offendor,
2269 4022 2421 4067 nam
2466 4004 2755 4089 primum

368 4110 620 4192 requiro
687 4106 957 4173 verbum
1019 4102 1228 4170 multo
1291 4106 1498 4169 acrius
1561 4124 1757 4189 quam
1817 4106 2167 4192 insipidum
2228 4106 2395 4174 illud
2441 4117 2752 4190 λαλῆσαι,

373 4212 597 4278 deinde
642 4211 809 4279 nihil
857 4211 936 4277 ad
984 4231 1121 4275 rem
1160 4212 1474 4295 pertinet,
1515 4216 1739 4275 utrum
1776 4212 2130 4277 maledicus
2169 4236 2373 4279 caecus
2410 4218 2495 4281 sit
2529 4238 2723 4283 necne
2736 4266 2755 4297 ,

370 4318 562 4384 modo
632 4317 795 4383 alter
865 4321 1085 4382 mutus
1159 4318 1244 4382 sit
1308 4318 1418 4401 qui
1477 4318 1764 4383 convicia
1823 4338 1947 4385 non
2005 4318 2241 4384 audiat.
2336 4318 2758 4389 Proverbium

374 4444 508 4490 esse
569 4423 828 4491 videtur
887 4428 950 4489 et
1012 4422 1334 4507 proverbii
1398 4422 1905 4491 emendationem
1970 4430 2111 4491 tuto
2173 4432 2387 4511 petere
2448 4426 2668 4495 licebit
2727 4450 2764 4496 a
