3369 5142
1413 300 1796 354 nomentum.
2663 278 2798 351 263

872 482 1033 555 τρεῖς
1080 476 1141 539 ἐν
1188 478 1545 559 Κεραμεικῷ
1590 480 2026 558 περιπατήσας
2074 478 2304 561 ἡμέρας

864 582 1271 655 διδασκάλους
1323 584 1555 666 ἐξεῦρον
1603 583 1671 651 οὗ
1717 586 1885 663 λέγω
1930 586 2068 663 βίου

854 686 994 760 ἴσως
1042 690 1345 767 τριάκοντ’
1391 694 1513 771 ἀφ’
1560 694 1684 762 ἑνὸς
1739 694 2120 773 ἐργαςκρίου.

411 793 553 859 Imo
599 816 819 861 verum
870 803 965 861 est
1018 794 1435 871 ἐπιθυμῶν.
1492 796 1810 866 Continuo
1855 802 2142 883 sequitur
2187 798 2350 883 apud
2379 796 2781 864 Meinekium

412 921 472 986 p.
522 902 655 967 477
702 900 876 967 aliud
924 901 1218 969 Alexidis
1262 904 1738 993 fragmentum,
1788 906 1952 991 quod
2002 905 2305 971 debemus
2345 904 2580 969 Athen.
2617 904 2790 971 XIII

350 1086 358 1091 -
411 1029 477 1093 p.
527 1007 658 1072 500
704 1008 780 1076 B.

763 1112 960 1194 ἄνοιγ’
1007 1116 1219 1196 ἄνοιγε
1264 1117 1375 1190 τὴν
1423 1116 1653 1196 θύραν·
1705 1115 2045 1183 ἐλάνθανον

772 1224 977 1289 πάλαι
1026 1232 1377 1303 περιπατῶν
1425 1224 1707 1311 άνδριάς,
1764 1225 2000 1290 α’λέτων
2049 1224 2212 1303 ὄνος,

771 1331 1073 1409 ποτάμιος
1120 1330 1344 1408 ἱππ-ος,
1393 1341 1716 1412 τοῖχος,
1767 1333 1794 1397 ὃ
1849 1332 2154 1396 Σελεύκου
2202 1332 2445 1410 τίγρις,

412 1434 520 1501 sed
582 1435 793 1502 ridens
854 1441 1103 1525 corrigo
1150 1445 1449 1517 χοῖρος.
1511 1436 1842 1502 Librarius
1887 1438 2150 1503 fortasse
2193 1440 2261 1501 in
2309 1439 2523 1503 animo
2567 1438 2795 1504 habuit

409 1541 559 1608 Act.
630 1542 854 1628 Apost.
922 1545 1027 1608 23.
1096 1546 1157 1622 3,
1222 1545 1331 1609 ubi
1395 1544 1681 1629 pontifex
1746 1546 2071 1609 maximus
2117 1552 2328 1624 τοῖχος
2375 1544 2792 1622 κεκονιαμένος

410 1648 677 1732 dicitur,
726 1649 836 1715 sed
883 1650 1038 1735 quid
1084 1651 1205 1716 hoo
1252 1648 1331 1715 ad
1378 1647 1759 1716 Alexidem‘?

504 1920 741 1987 Scribit
803 1923 1224 1988 Antatticista
1281 1942 1346 2008 p.
1407 1921 1495 1988 84
1551 1925 1620 1987 in
1691 1942 1844 1988 voce
1898 1922 2106 1999 Βαβαῖ
2170 1922 2423 2001 βαβαί·
2487 1924 2626 2004 οὐχὶ
2675 1932 2792 1991 τῶν

412 2029 706 2105 μετρίων,
750 2030 924 2093 α’λλοὶ
965 2035 1080 2093 τῶν
1106 2028 1319 2107 βαβαὶ
1346 2028 1586 2105 βαβαὶ.
1617 2026 1876 2103 Ἄλεξις
1903 2030 2225 2107 Σικυωνίῳ.
2274 2026 2614 2095 Contendit
2639 2030 2794 2096 Moi-

410 2135 639 2201 nekius
693 2156 757 2221 p.
808 2134 939 2201 478
984 2156 1242 2201 versum
1292 2156 1427 2202 esse
1474 2134 1896 2220 Eupolideum
1943 2134 2620 2221 polysohematistum,
2668 2158 2793 2224 quo

413 2244 603 2305 metri
649 2262 879 2329 genere
923 2240 1143 2307 Alexis
1188 2242 1511 2306 interdum
1560 2262 1714 2305 usus
1759 2241 1878 2320 sit3
1929 2240 2064 2306 fieri
2113 2248 2352 2327 potest,
2403 2242 2511 2309 sed
2548 2242 2794 2313 duobus

412 2346 740 2413 vocabulis
786 2350 1187 2432 transpositis
1230 2368 1486 2413 merum
1534 2348 1855 2413 senarium
1904 2347 2308 2413 habebimus:

814 2461 929 2519 τῶν
979 2455 1119 2535 οὐχὶ
1167 2455 1461 2535 μετρίων,
1514 2456 1693 2519 α’λλα
1741 2462 1858 2520 τῶν
1904 2454 2119 2533 βαβαὶ
2168 2455 2408 2533 βαβαί.

404 2560 645 2628 Eadem
707 2560 1023 2628 Meinekii
1087 2564 1327 2650 pagina
1386 2563 1672 2647 sequitur
1735 2561 2172 2650 fragmentum
2220 2560 2511 2628 Alexidis
2555 2562 2789 2630 Athen.

406 2667 503 2732 Vl
551 2688 610 2753 p.
664 2668 795 2734 223
844 2667 929 2748 E,
980 2668 1145 2753 quod
1194 2666 1364 2734 male
1410 2667 1706 2734 habitum
1755 2678 1867 2734 est.
1924 2667 2156 2734 Editur
2207 2672 2330 2734 sie:

1225 2773 1585 2852 Ἀπόλαβε.
1638 2786 1704 2840 Β.
1756 2779 1936 2840 τοῦτο
1983 2776 2038 2841 δ’
2085 2775 2176 2844 ἐςὶ
2228 2775 2294 2840 τί
2306 2795 2324 2853 3

676 2891 757 2946 A.
852 2879 893 2920 ¹¹¹
982 2879 1023 2920 ¹¹¹
1113 2879 1154 2920 ¹¹¹
1244 2879 1285 2920 ¹¹¹
1375 2877 1403 2946 ὃ
1452 2884 1603 2962 παρ’
1650 2883 1814 2959 ὑμῶν
1862 2883 1987 2960 ἐγὼ

810 2982 1127 3066 παιδάριον
1176 2985 1440 3072 ἔλαβον,
1488 2989 1814 3070 α’ποφέρων
1862 2987 1980 3064 ἥκω
2031 2987 2246 3055 πάλιν.

672 3105 741 3160 Β.
812 3099 983 3168 πῶς;
1031 3095 1137 3160 οὐκ
1185 3094 1425 3173 άρὲσκει
1477 3119 1566 3160 σοι
1617 3096 1904 3178 τρέφεινς
1955 3109 2032 3162 A.
2081 3099 2188 3164 οὐκ
2234 3094 2324 3165 ἔτι
2374 3096 2499 3175 γὰρ

812 3199 1122 3281 ἡμέτερον.
1174 3213 1241 3267 Β.
1288 3200 1414 3266 οὐδ’
1466 3203 1778 3281 ἡμέτερον.
1828 3214 1910 3269 A.
1962 3204 2112 3269 ἀλλ’
2161 3204 2426 3268 ἐδώκατε

812 3309 986 3386 ὑμεῖς
1034 3308 1168 3382 ἐμοὶ
1215 3309 1431 3374 τοῦτ’.
1484 3319 1551 3374 Β.
1599 3310 1663 3373 οὐ
1716 3309 2180 3385 δεδώκαμεν.
2230 3320 2309 3375 A.
2357 3309 2422 3372 τί
2468 3306 2598 3386 δαίς

676 3427 743 3481 Β.
813 3414 1241 3490 άπεδεόκαμεν.
1297 3427 1375 3482 A.
1424 3415 1494 3480 τὸ
1544 3417 1631 3492 μὴ
1686 3423 1984 3492 προσῆκον
2034 3415 2166 3493 ἐμοὶ
2218 3415 2542 3494 λαβεῖν.

405 3519 544 3588 Viri
604 3522 772 3588 docti
831 3525 1009 3590 varia
1064 3529 1419 3600 tentarunt,
1471 3529 1545 3588 ut
1597 3523 1868 3608 priorem
1913 3523 2108 3588 buius
2157 3524 2503 3612 fragmenti
2546 3525 2792 3609 partem

404 3627 838 3693 emendarent:
909 3628 985 3694 de
1050 3630 1149 3695 his
1210 3627 1541 3696 Jaoobsius
1588 3629 1814 3694 retulit
1872 3632 1940 3694 in
1986 3628 2212 3716 Suppl.
2265 3629 2434 3695 Add.
2483 3628 2604 3696 Sed
2651 3647 2790 3694 ma-

404 3745 555 3801 nent
600 3734 909 3820 quaedam
954 3738 1325 3826 oorrigenda
1370 3739 1439 3802 in
1482 3737 1771 3803 versibus
1810 3738 1922 3822 qui
1961 3743 2332 3823 sequuntur.
2383 3735 2786 3825 Legendnm:

1889 3854 1968 3909 A.
2017 3845 2126 3908 οὐκ
2171 3847 2262 3913 ἔτι
2308 3843 2438 3925 γὰρ

776 3948 1082 4028 ἡμέτερον.
1131 3959 1201 4014 Β.
1253 3949 1371 4015 οὐδ’
1427 3949 1739 4028 ἡμέτερον.
1788 3960 1871 4016 A.
1921 3951 2072 4016 ἀλλ’
2120 3949 2388 4015 ἐδώκατε

770 4039 943 4131 ὑμεῖς
994 4055 1126 4133 ἐμοὶ
1174 4053 1357 4121 τότ’.
1408 4066 1475 4122 Β.
1526 4058 1631 4122 οὐκ
1683 4057 2120 4135 ἐδώκαμεν.
2168 4069 2244 4122 A.
2296 4057 2361 4122 τί
2406 4056 2544 4136 δαίς

647 4172 717 4227 Β.
772 4163 1203 4240 ἀπεδώκαμεν.
1254 4174 1331 4227 A.
1380 4163 1451 4228 τὸ
1497 4165 1587 4241 μὴ
1635 4165 1934 4244 προσῆκόν
1983 4188 2128 4248 μοι,
2172 4161 2418 4242 λαβέ.

500 4417 719 4486 Alexis
764 4440 862 4507 ap.
912 4421 1143 4487 Athen.
1192 4419 1261 4487 X
1305 4440 1369 4508 p.
1418 4419 1553 4488 422
1602 4420 1693 4490 A.
1742 4421 1838 4488 ita
1883 4420 2076 4487 dicit:
