3369 5142
607 322 691 393 76
1587 336 2009 399 morumne.

703 516 995 602 Reperies
1062 516 1342 583 similem
1411 521 1964 606 interpolationem
2028 525 2093 587 et
2154 520 2266 586 VI.
2336 520 2443 585 68.
2503 518 2713 592 ἄλλως
2761 548 2832 587 τε
2880 518 2988 587 καὶ

603 624 748 703 πρὸς
811 622 1034 701 ἄνδρας
1086 624 1401 702 πανδημεί
1445 651 1514 689 τε
1561 628 1973 704 ἀμυνομένους
2022 628 2125 691 καὶ
2176 630 2283 691 οὐκ
2328 627 2709 701 άπολέκτους
2762 626 2987 712 [ὥσπερ

604 729 709 792 καὶ
777 730 974 813 ἡμᾶς]
1041 730 1146 793 καὶ
1211 732 1454 809 προσέτι
1517 735 1919 802 Σικελιώτας.
2016 733 2089 799 Si
2150 733 2305 799 haec
2354 733 2764 820 Thucydides
2812 735 2989 801 addi-

603 836 800 901 disset
845 832 1046 917 ὥσπερ
1095 836 1198 901 καὶ
1251 839 1475 915 ήμΕῙΟ
1521 842 1893 925 scripsisset.

694 1044 984 1134 Thucyd.
1033 1045 1082 1111 I.
1135 1047 1238 1113 33.
1293 1048 1625 1125 γενήσεται
1673 1047 1723 1111 δ’
1776 1050 1917 1125 ὑμῖν
1966 1050 2332 1126 πειθομένοις
2380 1052 2546 1124 καλὴ
2593 1053 2626 1125 ἡ
2676 1050 2986 1132 ξυντυχία

602 1153 772 1218 κατὰ
838 1160 1048 1219 πολλα
1095 1161 1205 1228 τῆς
1255 1154 1560 1234 ἡμετέρας
1610 1155 1826 1235 χρείας
1858 1178 1873 1193 ·
1925 1160 2155 1233 πρῶτον
2202 1156 2316 1232 μὲν
2374 1152 2522 1242 [ἔτι]
2576 1156 2987 1234 ἀδικουμένοις

601 1260 706 1323 καὶ
764 1261 884 1340 οὐχ
929 1260 1158 1341 ἐτέρους
1219 1261 1579 1337 βλάπτουσι
1626 1264 1738 1335 τὴν
1787 1262 2134 1340 ἐπικουρίαν
2178 1264 2529 1339 ποιήσεσθε,
2581 1258 2801 1327 ἔπειτα
2850 1264 2982 1341 περὶ

599 1370 715 1429 τῶν
763 1366 1040 1445 μεγίςων
1087 1366 1532 1439 κινδυνεύοντας
1584 1368 1901 1445 δεξάμενοι
1939 1371 2015 1439 ὦς
2059 1366 2136 1431 ἂν
2178 1368 2429 1444 μάλιςα
2468 1375 2610 1444 μετ’
2654 1368 2986 1445 άειμνήςου

603 1473 930 1551 μαρτυρίου
979 1476 1087 1549 τὴν
1135 1472 1322 1554 χάριν
1369 1475 1770 1557 καταθεῖσθε,
1820 1473 2099 1538 ναυτικόν
2144 1498 2213 1538 τε
2266 1476 2621 1551 κεκτήμεθα
2667 1477 2831 1548 πλην
2878 1480 2983 1539 τοῦ

601 1579 746 1657 παρ’
821 1578 962 1655 ὑμῖν
1034 1588 1303 1646 πλεῖς-ον.
1399 1579 1472 1643 In
1529 1578 1715 1644 libris
1784 1586 1913 1644 est:
1987 1582 2097 1653 την
2164 1582 2351 1660 χάριν
2420 1579 2853 1645 κατάθΗΕΘΕ
2922 1588 2989 1646 et

600 1686 966 1749 καταθεῒσθε
1053 1684 1276 1750 infelix
1345 1690 1441 1750 est
1511 1682 1791 1749 Bekkeri
1860 1688 2180 1750 correctio.
2274 1684 2440 1751 Vera
2508 1688 2822 1770 scriptura
2890 1690 2987 1751 est

599 1793 1171 1876 καταθΗςεΞΕΘΕ,
1241 1812 1518 1875 namque
1586 1794 1653 1855 in
1724 1793 1799 1863 ὥς
1875 1790 1951 1856 ἂν
2020 1791 2268 1869 μάλιςα
2342 1798 2437 1856 est
2506 1798 2657 1857 nota
2718 1792 2980 1877 ellipsis.

600 1896 990 1963 Simillimus
1056 1898 1234 1963 locus
1305 1904 1400 1963 est
1460 1895 1574 1962 VI.
1642 1895 1749 1961 5¹7.
1818 1899 2179 1979 περιέτυχον
2237 1900 2321 1978 τῷ
2369 1896 2697 1979 Ἱππάρχῳ
2746 1936 2829 1947 -
2878 1900 2981 1964 καὶ

599 2004 771 2076 εὐθὺς
836 2001 1295 2084 άπερισκέπτως
1347 2001 1792 2081 προσπεσόντες
1842 2005 1946 2069 καὶ
1992 2008 2070 2076 ὤς
2120 2004 2195 2069 ἂν
2244 2004 2497 2083 μάλιστα
2541 2006 2618 2069 δι’
2662 2006 2847 2083 ὀργῆς
2896 2042 2979 2053 -

600 2111 861 2175 ἔτυπτον
920 2110 1024 2175 καὶ
1089 2111 1547 2174 ἀποκτείνουσιν
1608 2108 1816 2173 αὐτόν.
1910 2109 2271 2175 Delendum
2333 2132 2466 2176 esse
2526 2106 2615 2174 ὅτι
2666 2110 2986 2176 declarant

598 2219 925 2302 sequentia
942 2265 959 2300 ‚
1043 2216 1112 2279 in
1192 2215 1422 2299 quibus
1489 2212 1579 2279 ὅτι
1651 2217 1709 2279 si
1783 2218 2219 2301 praecessisset
2290 2218 2636 2301 repetitum
2701 2219 2983 2302 oportuit

601 2320 820 2387 ἔπειτα
886 2318 1052 2409 (ὅτι).
1145 2319 1268 2385 Sed
1327 2325 1653 2385 enumerat
1714 2325 1969 2386 tantum
2028 2322 2461 2388 emolumenta
2523 2328 2589 2388 et
2650 2324 2983 2389 commoda

598 2430 949 2494 societatis:
1022 2432 1250 2506 πρῶτον
1317 2427 1432 2504 μὲν
1503 2464 1584 2475 -
1658 2428 2014 2513 ποιήσεσθε,
2082 2426 2303 2493 ἔπειτα
2370 2466 2453 2477 -
2519 2430 2979 2513 καταθήσεσθε,

599 2534 879 2602 ναυτικόν
927 2558 997 2599 τε
1048 2534 1422 2614 κεκτήμεθα.

688 2747 979 2836 Thucyd.
1042 2746 1088 2811 Ῑ.
1160 2745 1266 2810 34.
1331 2745 1765 2825 προκληθέντες
1815 2783 1897 2794 --
1949 2748 2009 2821 ἐς
2078 2746 2267 2827 κρίσιν
2318 2748 2570 2828 πολέμῳ
2616 2752 2863 2826 μᾶλλον
2912 2747 2973 2836 [ἢ

594 2857 676 2936 τῷ
741 2855 872 2940 Τσῳ]
942 2853 1361 2932 ἐβουλήθησαν
1426 2853 1512 2916 τοὶ
1562 2852 1951 2929 ἐγκλήματα
1998 2855 2337 2930 μετελθεῖν.
2436 2858 2671 2940 Aperta
2716 2863 2812 2920 est
2856 2855 2979 2920 loci

595 2961 906 3026 sententia
966 2960 1154 3024 haee:
1222 2966 1517 3036 πολεμεῖν
1576 2961 1823 3034 μᾶλλον
1872 2959 2293 3037 ἐβουλήθησαν
2342 2961 2375 3037 ἢ
2424 2960 2815 3042 δικάζεσθαι,
2868 2963 2978 3026 sed

593 3067 770 3131 notio
831 3071 937 3130 τοῦ
1000 3065 1173 3138 δίκας
1237 3064 1439 3130 δοῦναι
1502 3064 1668 3130 inest
1729 3067 1797 3129 in
1857 3067 2069 3132 verbis
2129 3068 2562 3146 προκληθέντες
2632 3068 2693 3138 ἐς
2764 3067 2975 3143 κρίσιν.

593 3170 1018 3238 Vehementer
1077 3172 1270 3238 etiam
1338 3172 1563 3238 dubito
1626 3193 1707 3236 an
1757 3172 1827 3235 τὸ
1876 3172 1999 3236 ἴσον
2047 3193 2119 3238 eo
2166 3193 2353 3238 sensu
2399 3177 2567 3237 recte
2616 3171 2866 3238 dicatur
2912 3177 2978 3237 et

590 3281 831 3362 passim
893 3281 959 3344 in
1015 3277 1200 3344 libris
1248 3277 1683 3366 Thucydideis
1730 3278 1809 3344 ad
1855 3283 2101 3356 μᾶλλον
2149 3278 2447 3343 adiicitur
2490 3277 2722 3342 inutile
2771 3284 2834 3342 et
2888 3278 2978 3343 fe.-

589 3388 778 3450 tuum
849 3384 1388 3472 supplementum.
1482 3383 1747 3470 Optime
1808 3382 2043 3449 habent
2104 3385 2195 3448 sie
2256 3385 2503 3448 omnia:
2568 3383 2649 3448 ad
2690 3384 2978 3448 iudicium

589 3492 784 3556 vocati
831 3493 980 3557 bello
1023 3495 1362 3558 maluerunt
1405 3491 1670 3555 iniurias
1714 3512 1855 3553 suae
1886 3489 2190 3574 persequi.

678 3598 1017 3668 Lectorum
1065 3597 1340 3683 insipida
1386 3596 1831 3683 supplementa
1875 3596 2021 3662 vide
2069 3593 2118 3660 I.
2174 3593 2277 3661 13.
2324 3603 2441 3661 τῶν
2479 3595 2821 3676 χρημάτων
2863 3600 2973 3673 τὴν

588 3712 800 3778 κτῆσιν
859 3703 949 3770 ἔτι
1012 3707 1261 3781 μᾶλλον
1325 3702 1389 3789 [ἢ
1455 3701 1759 3787 πρότερον]
1827 3700 2205 3779 ποιουμένης.
2261 3713 2326 3768 et
2373 3701 2423 3767 I.
2477 3699 2583 3768 72.
2634 3701 2970 3782 νομίζοντες

587 3816 835 3887 μᾶλλον
881 3810 960 3876 ἂν
1007 3809 1230 3882 αὐτοὺς
1281 3810 1347 3874 ἐκ
1399 3811 1514 3874 τῶν
1562 3806 1768 3886 λόγων
1819 3807 1963 3888 πρὸς
2012 3809 2081 3872 τὸ
2132 3806 2468 3889 ἡσυχάζειν
2514 3808 2855 3890 τραπέσθαι
2906 3807 2969 3892 [ἢ

587 3919 734 4000 πρὸς
798 3917 866 3982 τὸ
929 3915 1282 4002 πολεμεῖν].
1341 3920 1407 3980 et
1468 3914 1517 3979 Ῑ.
1583 3913 1735 3978 140.
1804 3913 1932 3980 οὔτ’
1974 3915 2149 3978 αὐτοὶ
2206 3915 2381 3988 δίκας
2427 3938 2519 3980 πω
2572 3915 2806 3998 ᾔτησαν
2850 3914 2971 3980 οὔθ’

593 4028 759 4103 ἡμῶν
817 4021 1090 4089 διδόντων
1156 4021 1479 4100 δέχονται,
1531 4019 1867 4099 βούλονται
1916 4019 1979 4086 δὲ
2026 4019 2277 4100 πολέμῳ
2323 4025 2569 4097 μᾶλλον
2622 4023 2683 4108 [ἢ
2731 4021 2969 4106 λόγοις]

584 4135 668 4196 τὰ
737 4131 1120 4210 ἐγκλήματα
1190 4128 1567 4193 διαλύεσθαι.
1630 4132 1695 4192 et
1750 4126 1865 4193 III.
1916 4126 2023 4192 64.
2075 4126 2679 4206 ξυγκατεδουλοῦσθε
2726 4131 2974 4203 μᾶλλον

585 4238 927 4317 Αἰγινήτας
992 4235 1095 4300 καὶ
1153 4230 1383 4302 ἄλλους
1431 4233 1604 4305 τινας
1648 4240 1765 4298 τῶν
1813 4231 2274 4312 ξυνομοσάντων
2330 4233 2391 4321 [ἢ
2442 4234 2858 4321 διεκωλύετε].
2908 4239 2973 4298 et

581 4345 701 4410 IV.
767 4343 872 4408 66.
937 4343 988 4408 οἱ
1051 4342 1114 4406 δὲ
1174 4339 1349 4423 φίλοι
1412 4345 1528 4404 τῶν
1588 4337 1701 4416 ἔξω
1765 4345 2038 4423 φανερῶς
2096 4344 2344 4416 μᾶλλον
2396 4339 2455 4424 [ἢ
2506 4341 2816 4424 πρότερον]
2865 4340 2969 4404 καὶ

581 4450 756 4522 αὐτοὶ
808 4449 1003 4534 ἠξίουν
1051 4449 1268 4514 τούτου
1314 4449 1420 4512 τοῦ
1471 4447 1658 4524 λόγου
1710 4429 1986 4527 ἔχεσθαι.
2036 4452 2103 4512 et
2147 4445 2229 4512 V.
2273 4446 2382 4512 45.
2425 4450 2532 4512 τοῦ
2562 4444 2971 4525 Ἀλκιβιάδου
