3369 5142
1354 340 1779 395 rnucrnmrs.
1956 376 1961 379 -
2644 312 2775 392 117

365 520 646 606 coegisse
695 519 913 585 hostes
960 516 1224 597 φεύγειν
1271 520 1333 588 ἐς
1380 516 1638 598 Πάτρας
1687 514 1793 579 καὶ
1834 516 2059 594 Δύμην
2099 524 2211 591 τῆς
2255 514 2575 598 Ἀχαΐας,
2615 510 2763 603 post
2804 584 2813 595 ,

364 646 567 711 pauca
627 626 720 691 ita
781 626 1028 712 pergit:
1095 624 1146 687 οἱ
1198 621 1250 687 δ’
1297 624 1605 696 Ἀθηναῖοι
1654 659 1745 672 --
1792 621 2192 704 ἀνεχώρησαν
2240 625 2299 698 ἐς
2349 623 2758 690 Ναύπακτον.

363 730 809 812 παρέπλευσαν
869 730 932 794 δὲ
995 728 1101 793 καὶ
1167 729 1217 793 οἱ
1283 729 1749 802 Πελοποννήσιοι
1811 730 1986 803 εὐθὺς
2033 738 2176 803 ταῖς
2224 731 2593 812 περιλοίποις
2640 734 2760 795 τῶν

365 843 504 903 νεῶν
555 838 654 922 [ἐκ
704 844 816 911 τῆς
867 834 1089 913 Δύμης
1141 835 1244 899 καὶ
1289 834 1570 922 Πατρῶν]
1621 835 1682 906 ἐς
1725 834 2047 909 Κυλλήνην
2087 837 2155 900 τὸ
2198 835 2457 901 Ἠλείων
2482 835 2751 900 ἐπίνειον.

361 942 621 1010 Puerile
691 942 1011 1009 emblema
1071 942 1272 1007 vides.
1364 940 1554 1007 Unde
1614 940 1873 1007 tandem
1938 942 2196 1007 aliunde
2240 945 2535 1028 poterant
2580 940 2754 1015 εὐθὺς

364 1055 724 1130 παραπλεῖν
743 1100 762 1123 ,
809 1050 938 1113 nisi
984 1069 1061 1113 ex
1106 1046 1242 1112 illis
1286 1048 1631 1133 portubus,
1681 1066 1807 1132 quo
1851 1045 2070 1132 paullo
2116 1052 2263 1113 ante
2302 1041 2759 1134 confugerant?

334 1156 700 1222 Praeterea
744 1156 814 1219 in
860 1155 930 1218 ἐκ
977 1160 1148 1218 THC
1195 1152 1416 1230 Δύμης
1465 1153 1569 1217 καὶ
1619 1159 1877 1233 Πατρῶν
1924 1158 2039 1219 aut
2088 1152 2369 1219 abundat
2416 1150 2757 1231 articulus,

365 1267 481 1329 sut
527 1260 689 1328 alter
733 1261 964 1329 vitiose
1013 1261 1287 1326 omissus
1334 1262 1448 1325 est.

461 1470 754 1559 Thucyd.
815 1470 898 1537 H.
965 1469 1076 1537 85.
1137 1470 1200 1537 2.
1249 1472 1317 1536 οὐ
1363 1469 1690 1535 τοσούτΩῑ
1738 1469 1917 1552 ᾤοντο
1963 1476 2137 1551 σφῶν
2184 1468 2256 1535 τὸ
2303 1468 2583 1535 ναυτικὸν
2630 1466 2761 1534 λεί-

368 1579 612 1644 πεσθαι.
661 1577 1113 1645 Scribendum:
1163 1578 1231 1643 οὗ
1279 1580 1650 1643 τοσοῦτΟΝ.
1702 1573 1803 1642 Of.
1851 1597 1984 1662 cap.
2034 1576 2145 1645 8¹7.
2194 1576 2256 1642 4.
2307 1576 2471 1655 ὑμῶν
2519 1573 2577 1641 δ’
2626 1571 2755 1642 οὐδ’

367 1688 404 1761 ή
441 1684 695 1766 ἀπειρία
740 1688 1026 1750 τοσοῦτον
1071 1686 1364 1750 λείπεται
1410 1678 1544 1748 ὅσον
1587 1682 1793 1765 τόλμῃ
1844 1680 2162 1763 προέχετε.

461 1896 756 1983 Thucyd.
806 1895 896 1963 Π.
946 1896 1056 1963 86.
1105 1896 1167 1961 2.
1219 1894 1672 1977 προσέπλευσεν
1716 1932 1799 1945 -
1840 1892 1870 1959 ὅ
1920 1895 2191 1977 Φορμίων
2240 1895 2341 1960 ἐπὶ
2388 1894 2459 1961 τὸ
2500 1895 2654 1962 Ῥίον
2690 1896 2763 1961 τὸ

372 2002 779 2081 Μολυκρικόν.
847 2040 930 2053 -
997 2001 1065 2079 ἦν
1126 2001 1188 2069 δὲ
1250 2007 1428 2069 τοῦτο
1475 2004 1591 2081 μὲν
1635 2001 1707 2067 τὸ
1757 2001 1909 2067 Ῥίον
1954 2003 2163 2085 φίλιον
2209 2010 2335 2074 τοῖς
2382 2001 2760 2082 Ἀθηναίοις,

372 2108 442 2174 τὸ
492 2107 549 2175 δ’
598 2106 796 2191 ἕτερον
845 2108 1052 2197 [Ῥίον]
1107 2110 1232 2176 ms.
1333 2107 1534 2177 Cuius
1581 2128 1764 2176 aures
1807 2109 1963 2175 haee
2008 2108 2171 2175 ferre
2214 2108 2524 2196 possunt?

463 2318 760 2407 Thucyd.
825 2318 910 2385 II.
961 2318 1068 2387 86.
1130 2322 1182 2387 οἱ
1233 2319 1292 2388 δ’
1341 2322 1403 2387 ἕν
1446 2330 1528 2403 τῇ
1575 2320 1862 2403 Κυλλήνη
1907 2320 2373 2395 Πελοποννήσιοι
2420 2322 2481 2387 ἕν
2525 2322 2759 2405 τούτῳ,

371 2426 433 2490 ἐν
494 2422 537 2508 ᾧ
599 2429 654 2492 oi
715 2427 1027 2501 Ἀθηναῖοι
1075 2428 1207 2508 περὶ
1255 2428 1496 2507 Κρήτην
1543 2427 1943 2511 κατείχοντο,
1999 2428 2440 2507 παρέπλευσαν
2486 2428 2546 2502 ἐς
2595 2429 2764 2496 Πάν-

373 2556 549 2614 ορμον
611 2534 716 2600 τὸν
778 2534 1108 2615 Ἀχαϊκόν.
1205 2535 1413 2601 Nemo
1462 2534 1714 2600 dicebat
1760 2536 1822 2599 ἐν
1862 2533 2059 2615 τούτῳ
2107 2534 2167 2598 ἕν
2211 2531 2255 2614 ᾧ
2302 2535 2411 2602 sed
2456 2536 2517 2600 ἐν
2564 2536 2761 2616 τούτῳ

369 2641 450 2708 ab
495 2641 793 2707 omnibus
843 2643 1184 2707 omittitur.
1229 2641 1454 2727 Itaque
1491 2623 1801 2726 putabar'n
1838 2643 1898 2704 ἐν
1933 2641 2130 2720 τούτῳ
2172 2663 2308 2707 esse
2347 2642 2759 2708 resecandum

368 2747 561 2832 idque
607 2745 1030 2812 Herwerdeno
1077 2748 1380 2832 persuasi.
1478 2746 1604 2812 Sed
1649 2749 1758 2812 eui
1805 2747 2099 2831 tandem,
2146 2767 2411 2832 quaeso,
2463 2749 2531 2812 in
2575 2768 2759 2814 men-

371 2857 506 2918 tem
567 2853 784 2917 venire
847 2854 1060 2936 potuit
1080 2899 1095 2928 ,
1162 2872 1362 2937 quum
1413 2858 1578 2920 esset
1623 2855 1695 2920 in
1740 2851 1966 2919 libris:
2016 2853 2077 2916 ἕν
2122 2847 2165 2934 ᾧ
2213 2889 2301 2902 -
2349 2853 2755 2939 κατείχοντο,

373 2959 449 3024 de
495 2977 610 3022 suo
649 2956 876 3022 addere
919 2959 980 3021 ἕν
1020 2959 1237 3042 τούτῳ,
1280 2979 1438 3042 quae
1483 2959 1739 3025 dicendi
1778 2959 1984 3025 forma
2006 2980 2211 3045 neque
2236 2957 2497 3026 Graecis
2520 2961 2763 3026 usitata

371 3069 468 3130 est
531 3083 734 3147 neque
795 3061 1147 3130 Graeculis.
1212 3063 1622 3150 Thucydides
1684 3065 1979 3131 dederat:
2032 3066 2085 3129 οἱ
2133 3066 2185 3131 δ’
2233 3065 2295 3128 ἐν
2340 3075 2417 3148 τῇ
2467 3068 2759 3148 Κυλλήνῃ

369 3171 832 3245 Πελοποννήσιοι
908 3169 967 3234 ἕν
1051 3169 1246 3248 τούτῳ
1335 3170 1813 3249 παρέπλευσαν,
1894 3175 1959 3236 et
2042 3173 2449 3260 magistellus
2532 3171 2613 3238 ad
2698 3171 2760 3236 ἕν

368 3279 559 3356 τούτῳ
609 3280 975 3344 annotavit:
1031 3277 1117 3366 [ἐν
1166 3273 1208 3360 ᾧ
1259 3275 1308 3342 οἱ
1357 3279 1662 3351 Ἀθηναῖοι
1711 3277 1843 3357 περὶ
1890 3276 2126 3356 Κρήτην
2170 3281 2567 3362 κατείχοντο]
2604 3299 2762 3364 pue-

366 3383 570 3449 riliter
614 3387 902 3468 repetens
952 3405 1115 3470 quae
1160 3383 1452 3469 proxime
1497 3384 1877 3449 antecedunt
1926 3403 2060 3470 cap.
2110 3383 2220 3449 85.
2260 3385 2461 3468 ᾤχετο
2498 3385 2558 3456 ἐς
2598 3384 2757 3463 Κρή-

365 3513 479 3563 την
544 3490 650 3554 καὶ
726 3488 830 3552 ὑπ’
893 3489 1164 3564 ἀπλοίας
1233 3487 1601 3570 ἐνδιέτριψεν
1663 3491 1771 3554 οὐκ
1831 3489 2040 3567 ὀλίγον
2101 3496 2333 3572 χρόνον.
2444 3489 2761 3556 Similiter

368 3615 508 3680 cap.
555 3593 663 3660 90.
715 3594 774 3662 5.
826 3593 1040 3662 ἕνδεκα
1089 3597 1204 3674 μὲν
1245 3634 1327 3646 ——-
1376 3594 1843 3677 ὑπεκφεύγουσι
1882 3635 1965 3648 -
2002 3600 2112 3672 την
2158 3599 2491 3678 ἑπιςροφῆν
2539 3599 2598 3669 ἐς
2646 3599 2759 3672 την

370 3700 775 3786 εὐρυχωρίαν,
846 3723 1006 3788 quae
1078 3705 1290 3788 inepte
1352 3707 1729 3787 repetuntur
1791 3723 1922 3788 cap.
1993 3701 2099 3768 91.
2164 3704 2283 3777 τὰς
2344 3701 2560 3770 ἕνδεκα
2608 3707 2758 3776 ναῦς

380 3805 590 3896 [αἵπερ
653 3807 1048 3888 ὑπεξέφυγον
1110 3809 1222 3883 την
1286 3809 1620 3891 ἕπιςροφην
1683 3809 1745 3881 ἐς
1794 3810 1905 3882 τὴν
1952 3808 2355 3896 εὐρυχωρίαν]
2404 3811 2761 3877 rectissime

370 3913 610 3982 delevit
653 3913 1064 3981 Hel-werden.
1295 3929 1302 3936 ·
1970 3937 1981 3947 ·

461 4127 752 4216 Thucyd.
815 4125 900 4193 ΙῙ.
966 4124 1076 4192 86.
1138 4129 1191 4193 oi
1257 4127 1309 4192 δ’
1357 4129 1420 4192 ἐν
1467 4135 1544 4210 τῇ
1593 4125 1883 4208 Κυλλήνη
1929 4125 2392 4200 Πελοποννήσιοι
2444 4162 2527 4175 -
2577 4150 2767 4206 παρε-

372 4236 773 4315 σκευασμένοι
800 4237 876 4308 ὥς
904 4235 1002 4299 ἐπὶ
1033 4235 1402 4314 ναυμαχίαν
1427 4231 1870 4313 παρέπλευσαν
1898 4233 1957 4305 ἐς
1977 4231 2290 4310 Πάνορμον
2315 4234 2418 4297 τὸν
2437 4231 2765 4312 Ἀχαϊκόν,

372 4339 552 4423 οὗπερ
604 4343 759 4431 (leg.
801 4337 994 4428 οἷπερ)
1039 4344 1250 4414 αὐτοῖς
1299 4341 1327 4406 ὅ
1377 4342 1545 4406 κατὰ
1597 4349 1719 4417 γῆν
1762 4339 1985 4418 ςρατὸς
2036 4341 2183 4424 [τῶν
2231 4339 2757 4426 Πελοποννησίων]

374 4446 952 4531 προσεβεβοηθήκει.
1046 4448 1272 4515 Nonne
1337 4449 1496 4514 setis
1560 4451 1660 4513 est
1722 4447 1791 4512 in
1838 4445 1993 4511 haee
2040 4444 2322 4532 digitum
2375 4441 2773 4512 intendisse?
