3369 5142
1431 361 1552 422 rao
1598 370 1845 422 emmo.
2689 340 2821 420 217

458 535 846 630 colloquium
893 544 961 610 in
1008 543 1191 609 libris
1237 544 1313 611 de
1360 545 1517 631 Rep.
1568 547 1862 611 habitum
1909 543 2196 632 fingitur,
2236 549 2529 611 mortuus
2566 550 2701 608 erat
2723 542 2828 628 (de

455 648 616 737 Rep.
665 649 722 716 I.
774 649 879 728 19,
932 648 1068 736 31),
1119 650 1285 716 unde
1332 656 1591 737 apparet
1638 651 1925 738 Appium
1977 651 2168 738 (cons.
2217 670 2274 716 a.
2324 648 2507 738 675),
2547 651 2602 714 si
2642 649 2830 716 modo

460 755 631 823 filius
690 759 787 822 est
846 755 1123 823 consulis
1184 777 1241 822 a.
1307 753 1459 835 611,
1528 757 1751 824 eodem
1815 776 1976 823 anno
2035 761 2264 822 natum
2307 776 2441 822 esse
2483 775 2608 841 quo
2651 759 2832 840 pater

458 862 794 928 decesserit
838 865 880 926 i.
912 883 966 928 e.
1016 864 1197 928 annis
1248 861 1335 930 14
1380 871 1597 948 postea
1642 884 1836 948 quam
1883 867 2064 949 pater
2101 859 2325 928 consul
2361 861 2572 927 fuerit.
2616 860 2742 942 Qui
2779 864 2833 927 si

454 988 615 1034 anno
659 987 775 1034 suo
815 967 1215 1034 consulatum
1256 972 1491 1057 gessit,
1526 969 1684 1036 duos
1721 968 1886 1036 filios
1926 970 2203 1054 suscepit
2228 988 2424 1034 annos
2446 973 2633 1033 natus
2659 965 2740 1031 51
2770 975 2834 1033 et

457 1073 565 1140 57.
662 1073 1037 1140 Admodum
1090 1095 1155 1140 se
1201 1078 1412 1161 prima
1456 1078 1664 1161 specie
1710 1075 2116 1141 commendat
2153 1071 2432 1140 Haackii
2474 1073 2687 1159 opinio
2733 1093 2834 1159 ap.

460 1178 672 1268 Pauly
728 1178 809 1246 11.
859 1201 924 1266 p.
979 1177 1131 1254 402,
1180 1183 1291 1266 qui
1337 1179 1485 1267 (No.
1542 1180 1653 1268 36)
1703 1181 1900 1247 alium
1953 1182 2236 1266 Appium
2280 1175 2626 1246 Claudium
2672 1181 2836 1244 inse—

454 1287 541 1350 rit
608 1288 971 1364 stemmati,
1021 1284 1231 1352 filium
1270 1287 1551 1373 aliquem
1600 1288 1876 1354 consulis
1924 1283 2074 1354 Gaii
2119 1307 2176 1352 a.
2227 1284 2359 1349 624
2376 1305 2395 1364 3
2442 1285 2637 1350 huius
2681 1283 2836 1349 alibi

460 1410 586 1457 non
657 1394 1143 1457 commemorati
1212 1392 1415 1479 Appii
1483 1389 1740 1460 Claudii
1807 1389 1980 1458 filius
2039 1393 2264 1457 fuisset
2322 1388 2542 1457 consul
2601 1411 2659 1456 a.
2703 1385 2836 1454 662

461 1496 735 1584 Appius.
780 1497 908 1565 Res
954 1500 1045 1564 sic
1089 1518 1157 1564 se
1201 1497 1431 1568 habet:

1474 1602 1546 1674 G.
1597 1601 1909 1674 Claudius
1953 1601 2172 1672 consul
2219 1600 2350 1670 57¹7

1472 1783 1548 1852 C.
1594 1695 1906 1901 Clatgdius
1951 1782 2025 1854 C.
2074 1784 2118 1850 f.
2167 1781 2388 1850 consul
2435 1781 2568 1849 624

771 1899 2551 1943 w

453 1971 526 2038 o.
574 1971 886 2041 claudius
936 1972 1249 2062 (ig-notus)
1480 1973 1562 2038 A.
1608 1941 1922 2040 olahffius
1966 1969 2040 2037 ο.
2089 1970 2134 2036 f.
2185 1967 2260 2038 o,
2303 1993 2372 2040 n.
2421 1970 2733 2060 (ignotus)

448 2155 531 2220 A.
582 2078 897 2334 Olailudius
946 2151 1019 2224 C.
1067 2155 1111 2220 f.
1160 2151 1231 2219 G.
1281 2175 1344 2220 n.
1484 2150 1559 2222 C.
1607 2062 1916 2220 Clav'adius
1960 2151 2048 2222 A.
2098 2152 2142 2218 f.
2191 2148 2264 2220 C.
2313 2175 2377 2221 n.
2426 2152 2646 2221 consul
2693 2151 2825 2220 662

441 2333 519 2400 P.
566 2329 831 2403 Clodius
876 2336 1171 2403 tribunus

535 2471 628 2536 At
673 2471 792 2537 hoc
837 2475 1115 2540 stemma
1158 2470 1385 2559 utiquo
1428 2472 1520 2540 sic
1564 2477 1736 2540 esset
1785 2471 2288 2539 emendandum:

1360 2576 1435 2647 C.
1484 2576 1794 2648 Claudius
1839 2577 1915 2649 G.
1963 2578 2012 2648 f.
2061 2599 2232 2647 cons.
2281 2579 2414 2647 624

1354 2756 1439 2829 A.
1486 2670 1798 2828 OlaFudius
1843 2756 1918 2829 G.
1959 2760 2002 2825 f.
2053 2757 2126 2826 C.
2163 2783 2229 2828 n.
2279 2762 2594 2849 (ig-notus)

760 2887 855 2983 A:
895 2913 1207 2986 Claudius
1253 2914 1338 2981 A.
1386 2916 1432 2979 f.
1539 2965 1553 2979 .
1602 2935 1671 2981 n.
2041 2914 2082 2980 ¹.
2131 2910 2440 2981 Claudius
2481 2919 2559 2981 A.
2585 2918 2634 2985 f.
2659 2915 2733 2985 C.
2755 2940 2821 2983 n.

1036 3042 1205 3088 cons.
1255 3018 1387 3089 675
2208 3020 2425 3088 consul
2472 3019 2604 3088 662

555 3121 1552 3168 w

366 3178 371 3181 ’
450 3178 677 3249 Clodia
697 3228 714 3260 ,
766 3176 841 3245 P.
890 3176 1157 3247 Clodius
1201 3177 1350 3245 trib.
1398 3184 1465 3242 et
1508 3174 1647 3243 rell.

761 3361 838 3428 P.
887 3272 1227 3429 Clau'dius..

538 3502 711 3570 Nam
773 3498 947 3569 filius
1010 3500 1253 3567 tribuni
1316 3500 1383 3565 in
1429 3518 1590 3566 urna
1635 3497 2009 3588 sepulcrali,
2057 3520 2246 3587 quam
2295 3504 2543 3587 primus
2591 3504 2669 3570 ad
2717 3504 2836 3573 hoc

456 3612 733 3675 stemma
800 3606 1095 3673 adhibuit
1162 3604 1506 3694 Borghesi,
1570 3604 1806 3671 dicitur
1867 3604 1938 3671 P.
1967 3604 2044 3672 F.
2076 3606 2216 3674 ΑΡ.
2239 3604 2323 3673 Ν.
2350 3604 2480 3675 AP.
2508 3606 2564 3674 Ρ
2587 3608 2832 3676 RON.

462 3712 657 3780 Pater
714 3712 789 3781 A.
840 3710 1095 3779 Claudii
1141 3709 1320 3778 illius
1368 3713 1577 3799 ignoti
1622 3710 1845 3777 haberi
1890 3711 2186 3791 deberet,
2232 3716 2308 3778 ut
2354 3733 2545 3800 supra
2587 3714 2830 3782 factum

452 3824 583 3897 est,
634 3838 758 3885 non
804 3820 883 3884 A.
932 3814 1243 3884 Claudius
1286 3806 1454 3884 cons.
1499 3838 1555 3883 a.
1601 3815 1729 3882 611
1771 3816 1879 3883 sed
1924 3814 1996 3885 G.
2039 3814 2343 3884 Claudius
2381 3838 2549 3885 cons.
2591 3842 2646 3887 a.
2675 3820 2830 3907 624,

454 3928 753 4014 quoniam
815 3923 1037 3991 consul
1089 3946 1144 3991 a.
1213 3922 1343 3989 662
1402 3926 1469 3989 in
1533 3923 1716 3989 fastis
1780 3920 2161 4010 Capitolinis
2211 3925 2447 3991 dicitur
2494 3922 2570 3993 C.
2618 3947 2830 4013 nepos.

454 4031 575 4099 Sed
628 4034 825 4099 etiam
873 4030 1163 4097 adhibita
1210 4030 1591 4096 correctione
1638 4048 1834 4114 quam
1881 4050 2071 4115 supra
2116 4034 2450 4117 proposui,
2499 4052 2663 4098 nova
2709 4032 2830 4098 dif-

454 4136 703 4204 ficultas
766 4136 1100 4215 obiicitur;
1151 4154 1553 4202 removemus
1596 4154 1739 4200 eam
1765 4184 1782 4211 ,
1834 4154 1994 4218 quae
2037 4137 2318 4200 nascitur
2362 4156 2442 4200 ex
2488 4138 2691 4202 nimio
2737 4140 2830 4202 in-

456 4242 725 4309 tervallo
787 4244 953 4307 inter
1010 4240 1297 4308 consules
1340 4246 1584 4327 patrem
1634 4246 1701 4306 et
1746 4238 1954 4305 filium
2001 4259 2060 4305 a.
2109 4240 2234 4304 611
2253 4278 2303 4288 -
2336 4236 2498 4315 6¹75,
2547 4240 2657 4307 sed
2704 4242 2830 4307 alia

454 4346 738 4413 oboritur
802 4346 1140 4413 difficultas
1209 4348 1337 4412 iam
1409 4348 1757 4413 contraria:
1821 4344 2222 4429 intercapedo
2277 4347 2444 4411 inter
2504 4346 2826 4412 consulem

449 4474 501 4519 a.
568 4449 700 4517 624
746 4456 812 4517 et
856 4457 1151 4539 nepotem
1198 4472 1367 4518 cous.
1413 4472 1468 4517 a.
1520 4448 1651 4517 662
1699 4456 1796 4516 est
1841 4452 1996 4515 satis
2039 4452 2296 4538 exigua.
2381 4448 2834 4521 Verumtamen
