3369 5142
680 275 823 344 200
1761 297 2003 346 omno.

1747 515 1991 566 omno·

1459 635 1539 702 ad
1583 637 1784 703 Attio.
1831 633 2013 702 XIII.
2063 633 2171 700 31.
2221 633 2285 701 2.

774 811 994 879 Cicero
1040 815 1373 900 scripserat
1420 813 1500 878 ad
1546 809 1882 879 Caesarem
1929 811 2265 898 epistolam
2313 814 2468 878 satis
2514 810 2743 876 blande
2789 817 2854 876 et
2905 810 3086 897 (ipso

683 919 921 1004 iudice)
1008 920 1435 986 assentatorie.
1531 923 1700 1006 quod
1785 923 1946 986 eni-m
2018 921 2196 985 aliud
2267 931 2701 1006 argumentum
2778 917 3091 1004 epistolae

683 1038 929 1092 nostrae
991 1028 1115 1090 nisi
1158 1025 1457 1090 κολακεία
1496 1024 1677 1110 fuit?
1727 1027 1806 1091 ad
1852 1027 1985 1091 Att.
2038 1024 2219 1090 XIII.
2269 1023 2374 1090 27.
2471 1023 2744 1088 Dubitat
2790 1043 2868 1087 an
2917 1025 3088 1086 mit-

680 1136 778 1198 tat
824 1137 889 1197 et
934 1131 1211 1196 consulit
1258 1133 1511 1197 amicos.
1561 1129 1846 1197 Tandem
1894 1131 2209 1202 exclamat
2261 1129 2476 1216 (XIII.
2521 1127 2660 1210 31.)
2700 1132 2773 1194 de
2814 1127 3086 1216 epistola

683 1241 771 1303 ad
847 1235 1169 1302 Caesarem
1238 1247 1647 1303 ΚΕΚΙΒΙΚΛ.
1743 1238 1821 1302 In
1883 1237 2114 1303 Codice
2177 1236 2462 1302 Mediceo
2529 1243 2624 1302 est
2687 1243 3087 1299 ΚΕΚΒΙΚΑ.

686 1342 849 1408 Vera
892 1341 1088 1407 lectio
1132 1343 1285 1408 olim
1339 1364 1375 1409 a
1424 1344 1738 1409 Lambino
1785 1349 2032 1429 reperta
2073 1350 2169 1410 est
2217 1351 2616 1418 KeKP1KA,
2665 1341 2775 1406 sed
2829 1341 3087 1426 sperni·

688 1455 814 1514 tur.
887 1447 1140 1514 Plinius
1201 1450 1400 1535 Epist.
1466 1448 1515 1515 I.
1582 1449 1688 1515 12.
1741 1450 1846 1515 10.
1942 1449 2220 1515 Dixerat
2265 1473 2410 1514 eane
2453 1449 2680 1513 medico
2727 1449 3092 1512 admoventi

684 1557 882 1622 cibum
929 1563 1325 1635 KeKPIKA,
1374 1579 1529 1644 quae
1576 1580 1694 1621 vox
1738 1571 2042 1643 quantum
2091 1558 2526 1621 admirationis
2573 1557 2640 1619 in
2684 1556 2894 1618 animo
2940 1576 3086 1618 meo

688 1673 931 1727 tantum
996 1663 1283 1727 desiderii
1339 1663 1609 1750 reliquit.
1704 1663 1915 1749 Nepos
1981 1665 2048 1728 in
2113 1661 2334 1729 Attico
2381 1661 2502 1727 21:
2554 1684 2704 1726 nam
2747 1659 2908 1724 »mihi
2949 1672 3090 1724 etat

690 1771 851 1836 alere
896 1768 1179 1834 morbum
1226 1771 1509 1836 desinere.

1769 1995 2008 2044 CICERO.

1467 2115 1545 2182 ad
1592 2117 1787 2183 Attio.
1838 2117 2027 2184 XIV.
2080 2117 2185 2184 13.
2241 2117 2303 2183 6.

788 2289 896 2357 Ita
934 2294 1270 2380 perniciose
1314 2305 1385 2358 ut
1430 2318 1894 2380 nonnumquam
1952 2293 2180 2360 Caesar
2226 2297 2664 2360 desiderandus
2701 2316 2824 2359 esee
2867 2294 3082 2358 videa-

692 2407 818 2462 tur.
870 2433 949 2446 —-
1010 2397 1177 2478 Quae
1221 2403 1384 2464 enim
1442 2397 1669 2464 Caesar
1713 2425 2055 2488 numquam
2101 2425 2288 2488 neque
2324 2401 2570 2487 fecisset
2615 2422 2804 2486 neque
2853 2421 3086 2488 passus

691 2519 875 2586 eseet,
924 2529 994 2570 ea
1038 2531 1198 2571 nunc
1241 2528 1315 2571 ea:
1364 2505 1603 2593 [falsis]
1653 2509 1782 2573 eius
1827 2512 2280 2574 commentariis
2317 2508 2762 2597 proferuntur.
2855 2505 3088 2593 Fregit

692 2631 949 2678 omnem
1020 2616 1155 2679 vim
1227 2614 1353 2679 loci
1416 2617 1527 2699 qui
1588 2616 1786 2681 stulte
1841 2614 2033 2703 falsis
2099 2615 2364 2681 addidit.
2462 2614 2632 2695 Quid
2694 2614 2932 2678 mirum
2987 2617 3089 2677 est

695 2716 1029 2785 Caesarem
1089 2720 1302 2805 ipsum
1349 2742 1704 2805 numquam
1751 2721 2072 2787 facturum
2121 2722 2316 2787 fuisse
2361 2742 2466 2797 ea,
2518 2742 2680 2805 quae
2728 2742 2806 2785 ex
2854 2734 3086 2783 unsre

696 2827 833 2891 eius
880 2827 1353 2892 commentariis
1394 2826 1864 2911 proferrentur?

1773 3056 2014 3106 010330.

1436 3178 1516 3245 ad
1560 3176 1856 3245 Atticum
1904 3178 2052 3245 XV.
2110 3180 2210 3243 11.
2265 3180 2323 3241 3.

788 3355 1166 3445 Sequebatur
1210 3368 1281 3421 ut
1324 3379 1556 3422 mecum
1602 3358 1732 3443 ipse
1747 3382 1766 3421 .·

1104 3464 1137 3537 ἦ
1190 3462 1345 3545 δεῦρ’
1396 3462 1521 3535 ὁδός
1571 3486 1661 3527 σοι
1711 3464 1774 3527 τί
1819 3460 2077 3526 δύναται
2129 3462 2283 3547 [νῦν]
2335 3460 2662 3540 θεοπρόπε;

787 3566 1299 3655 Expungendum
1348 3574 1443 3633 est
1490 3574 1625 3643 νῦν,
1670 3566 1837 3651 quod
1885 3574 1950 3632 et
1989 3569 2214 3633 vitiose
2254 3568 2333 3633 ad
2373 3570 2753 3632 sen-tentiam
2795 3565 3083 3632 abundat

697 3678 762 3738 et
822 3676 890 3736 in
950 3677 1193 3739 senario
1242 3678 1487 3761 tragico
1535 3681 1816 3739 metrum
1866 3676 2235 3757 corrumpit.
2330 3672 2551 3759 Neque
2600 3676 2773 3739 enim
2821 3671 3083 3759 Tragici

696 3778 1029 3865 dactylum
1076 3780 1429 3844 admittunt
1476 3781 1542 3843 in
1590 3780 1879 3863 quintam
1925 3778 2140 3843 sedem
2187 3784 2250 3843 et
2295 3780 2586 3859 θεοπρόπε
2636 3778 2804 3863 apud
2851 3778 3084 3863 Tragi-

697 3907 801 3952 cos
848 3886 1189 3951 secundam
1236 3885 1554 3971 syllabam
1600 3885 1817 3951 Ionico
1867 3905 2042 3951 more
2089 3886 2402 3970 producit.

2391 4044 2595 4135 00.
2645 4064 2937 4133 cosm.
