3369 5142
508 273 643 346 218
1596 292 1818 344 cronno

504 467 726 533 consul
795 488 852 533 a.
920 465 1051 532 624
1116 488 1189 535 eo
1251 486 1413 535 anno
1473 469 1770 550 nepotem
1831 467 1965 530 iam
2029 464 2260 531 habere
2307 469 2563 550 poterat
2615 459 2656 530 3
2709 481 2904 531 annos

510 580 769 653 natum,
820 578 934 640 aut
980 574 1170 659 paulo
1217 573 1523 660 amplius,
1579 573 1634 634 si
1680 573 1814 656 ipse
1855 569 2097 655 aliquot
2135 571 2316 635 annis
2362 578 2504 657 post
2526 571 2904 658 legitimum

513 675 753 746 annum
802 679 1207 746 consulatum
1254 685 1417 745 esset
1462 677 1767 762 adeptus:
1817 679 1930 761 qui
1975 676 2173 742 fasces
2228 679 2510 762 accipere
2557 679 2770 762 potuit
2820 675 2904 742 38

520 789 700 852 annis
761 794 905 871 post
972 784 1179 871 (662).
1244 784 1457 850 Maius
1501 788 1904 847 momentum
1954 782 2147 848 habet
2193 784 2359 868 quod
2407 786 2499 848 sic
2547 803 2706 850 avus
2759 780 2909 848 Clo-

521 892 663 957 diae
711 911 838 956 non
882 891 1010 955 fuit
1049 889 1288 956 consul.
1338 888 1515 954 Num
1556 885 1778 953 Cicero
1818 887 1988 953 credi
2025 893 2232 973 potest
2271 888 2340 952 in
2383 889 2500 954 hac
2540 909 2608 953 re
2632 884 2911 954 errasse?

520 998 663 1064 Non
724 1000 934 1062 ausim
995 1017 1247 1084 negare.
1341 993 1661 1059 Haerebat
1726 995 1792 1057 in
1854 995 2161 1058 memoria
2224 991 2297 1062 O.
2363 989 2674 1060 Claudius
2741 1013 2908 1058 cons.

524 1124 581 1168 a.
647 1101 779 1166 624
798 1152 813 1176 ‚
876 1101 1110 1168 nobilis
1170 1103 1513 1166 certamine
1578 1120 1729 1164 cum
1791 1099 2049 1184 Papirio
2110 1098 2398 1164 Carbone
2443 1106 2627 1188 gesto
2679 1099 2909 1188 (Legg.

522 1208 641 1274 111.
698 1206 805 1292 19,
855 1208 991 1292 42),
1055 1207 1376 1272 exciderat
1424 1205 1729 1270 obscurus
1774 1204 1885 1269 ille
1929 1205 2125 1271 homo
2172 1208 2334 1291 App.
2388 1203 2723 1273 Claudius.
2778 1206 2912 1271 Ali-

526 1335 721 1400 quam
782 1312 1400 1378 commendationem
1467 1313 1858 1377 nanciscitur
1930 1311 2084 1376 haec
2161 1314 2526 1378 coniectura
2598 1335 2671 1380 eo
2745 1312 2914 1398 quod

524 1421 645 1486 hoc
708 1439 915 1486 errore
976 1417 1173 1483 semel
1222 1417 1501 1483 admisso
1544 1415 1725 1482 locus
1771 1437 1885 1502 pro
1931 1416 2195 1482 Plancio
2242 1438 2366 1483 non
2416 1425 2564 1506 eget
2612 1419 2907 1486 emenda-

529 1529 728 1591 tione:
798 1525 1010 1604 „vidit
1065 1527 1235 1590 enim
1304 1529 1483 1610 pater
1540 1529 1694 1587 tuus
1749 1521 2160 1610 (Laterensis)
2223 1525 2508 1609 Appium
2559 1523 2905 1591 Claudium

528 1631 1003 1697 nobilissimum
1062 1631 1388 1695 hominem
1451 1627 1698 1714 (consul
1748 1650 1804 1694 a.
1869 1626 2000 1694 675
2066 1629 2499 1717 significatur,
2563 1639 2636 1696 ut
2695 1633 2908 1696 certis-

532 1739 693 1802 sime
755 1737 1146 1802 demonstrat
1200 1735 1542 1823 Borghesi)
1590 1738 1722 1800 vivo
1760 1747 1949 1822 patre
1994 1758 2102 1800 auo
2125 1784 2143 1812 ,
2186 1739 2627 1820 potentissimo
2674 1744 2739 1801 et
2786 1736 2912 1801 cla-

534 1846 786 1909 rissimo
850 1845 989 1909 cive
1008 1893 1026 1928 ,
1090 1840 1167 1908 G.
1218 1839 1487 1907 Claudio
1504 1889 1521 1916 ,
1568 1838 1842 1906 aedilem
1885 1860 2011 1906 non
2059 1861 2192 1906 esse
2237 1841 2481 1906 factum
2530 1849 2594 1906 et
2641 1841 2912 1908 eundem

532 1954 666 2016 sine
705 1948 957 2034 repulsa
1002 1947 1243 2012 factum
1308 1967 1441 2012 esse
1487 1944 1880 2012 consulem’'.
1933 1947 2271 2033 Borghesi,
2321 1946 2637 2032 plerisque
2683 1947 2908 2032 proba-

532 2061 671 2139 tus,
734 2058 867 2119 vivo
920 2055 1137 2139 fratre
1194 2075 1303 2117 suo
1329 2101 1345 2129 ,
1393 2057 1470 2116 ιιι
1515 2051 1684 2115 mihi
1729 2051 1987 2118 videtur
2031 2057 2248 2118 contra
2294 2074 2531 2118 nexum
2577 2054 2914 2118 sententia-

536 2181 713 2244 rum,
780 2179 929 2225 cum
991 2159 1067 2223 de
1129 2165 1309 2244 patre
1369 2157 1726 2223 Laterensis
1785 2178 1991 2222 sermo
2051 2161 2172 2241 sit,
2233 2159 2498 2244 ideoque
2548 2158 2917 2244 exemplum

532 2267 731 2350 patris
812 2263 1079 2350 proferri
1148 2263 1394 2327 debeat.
1478 2261 1753 2347 Reliqua
1823 2282 1982 2347 quae
2054 2265 2372 2348 pertinent
2443 2265 2522 2329 ad
2592 2264 2912 2329 familiam

532 2369 948 2436 Claudiorum
1017 2368 1095 2433 ad
1164 2368 1335 2432 hunc
1402 2367 1616 2432 locum
1689 2367 2133 2452 explicandum
2206 2373 2556 2435 necessaria
2619 2377 2917 2457 congesta

534 2482 685 2543 sunt
730 2476 809 2541 ab
855 2473 1348 2558 interpretibus;
1398 2473 1507 2538 sed
1550 2493 1674 2538 non
1722 2473 1906 2539 video
1953 2495 2069 2539 cur
2103 2475 2344 2541 abavus
2390 2479 2728 2542 omittatur
2767 2494 2916 2541 cum

534 2586 813 2668 quinque
877 2586 1005 2647 sint
1066 2586 1302 2645 aetates
1365 2580 1444 2643 ab
1506 2580 1714 2664 Appio
1762 2577 2032 2649 Claudio
2071 2578 2304 2659 Caeco,
2357 2585 2467 2667 qui
2515 2581 2776 2669 loquens
2821 2586 2909 2648 in·

533 2688 809 2767 ducitur,
855 2708 1058 2772 usque
1102 2686 1183 2752 ad
1228 2692 1477 2771 patrem
1525 2682 1820 2765 Clodiae;
1870 2685 2134 2753 fortasse
2180 2688 2444 2754 abavum
2493 2700 2638 2756 ante
2661 2702 2914 2756 atavum

532 2794 793 2860 excidit.

576 2938 587 2946 —
628 2899 737 2965 34.
764 2938 775 2946 -
806 2898 1079 2977 „Ideone
1137 2918 1257 2985 ego
1317 2918 1539 2982 pacem
1600 2896 1839 2983 Pyrrhi
1884 2897 2150 2976 diremi,
2200 2906 2277 2965 ιιι
2327 2906 2398 2967 ιιι
2448 2922 2736 2967 amorum
2783 2906 2916 2968 tur-

536 3007 948 3091 pissimorum
1012 3004 1296 3088 quotidie
1360 3004 1612 3068 foedera
1668 3000 1928 3069 ferires?
1972 3004 2114 3069 ideo
2162 3028 2391 3093 aquam
2439 3008 2676 3073 adduxi
2719 3014 2797 3074 ut
2842 3030 2917 3075 ea

534 3118 608 3177 tu
662 3115 879 3177 inceste
938 3106 1218 3176 uterere?
1276 3109 1420 3175 ideo
1485 3112 1659 3175 viam
1711 3111 1992 3187 munivi,
2049 3116 2123 3175 ut
2169 3132 2312 3177 eam
2359 3117 2434 3177 tu
2483 3113 2710 3180 alienis
2757 3116 2915 3181 viris

537 3219 842 3284 comitata
886 3212 1311 3282 celebrares?”

626 3323 1087 3391 Admovendus
1146 3327 1241 3387 est
1296 3320 1403 3386 hic
1447 3320 1625 3387 locus
1671 3320 1884 3389 verbis
1932 3342 2093 3407 quae
2137 3322 2444 3410 leguntur
2489 3326 2525 3410 ξ
2573 3324 2696 3390 62:
2751 3328 2915 3404 „nisi

535 3432 696 3497 forte
774 3429 1009 3495 mulier
1075 3434 1295 3514 potens
1357 3427 1804 3511 quadrantaria
1864 3426 1980 3491 illa
2037 3432 2506 3512 permutatione
2556 3433 2914 3518 familiaria

522 3538 709 3625 facta
751 3548 887 3601 erat
932 3532 1337 3611 balneatori”‚
1385 3538 1460 3598 ut
1502 3532 1920 3621 intellegatur
1965 3540 2150 3619 turpe
2189 3535 2342 3619 quid
2383 3539 2450 3601 in
2490 3536 2734 3604 balneis
2777 3559 2910 3604 esse

531 3643 775 3708 factum
822 3652 886 3707 et
928 3660 1158 3705 nomen
1204 3642 1696 3726 quadr-amariae
1743 3660 1890 3703 cum
1937 3641 2056 3704 hac
2105 3642 2504 3725 turpitudine
2553 3644 2908 3711 cohaerere·

624 3746 733 3815 3¹7.
792 3746 944 3824 „sed
1005 3745 1228 3811 dubito
1287 3765 1474 3829 quem
1520 3750 1767 3829 patrem
1814 3747 2222 3829 potissimum
2271 3768 2556 3813 sumam:
2605 3749 2912 3816 Caecilia-

532 3874 771 3919 numne
839 3849 1149 3935 aliquem,
1204 3850 1645 3916 vehementem
1706 3858 1896 3935 atque
1954 3851 2188 3916 durum
2251 3890 2338 3902 —
2405 3861 2518 3919 aut
2577 3854 2804 3921 illum:
2877 3876 2913 3920 o

534 3957 761 4025 infelix
827 3976 864 4022 o
936 3952 1197 4021 sceleste
1259 3955 1471 4036 (ferrei
1537 3962 1688 4021 sunt
1747 3959 1860 4020 isti
1921 3964 2156 4041 patres)
2211 3978 2410 4045 egone
2457 3959 2612 4044 quid
2657 3960 2911 4027 dicam?

540 4066 791 4153 [egone]
856 4061 1009 4148 quid
1068 4058 1313 4127 velim?
1374 4082 1533 4146 quae
1594 4068 1668 4125 tu
1715 4066 1930 4127 omnia
1977 4065 2107 4127 tuis
2155 4064 2353 4131 foedis
2399 4066 2584 4131 factis
2630 4067 2790 4133 facis
2837 4072 2913 4133 ut

534 4172 923 4255 nequiquam
970 4166 1188 4233 velim.
1240 4165 1365 4231 Vix
1410 4167 1670 4232 ferendi.
1715 4167 1971 4233 Diceret
2017 4170 2164 4234 talis
2213 4170 2448 4255 pater‚''
2494 4172 2636 4237 rell.

625 4274 999 4343 Continuari
1060 4272 1255 4339 verba
1298 4278 1441 4357 post
1489 4272 1719 4351 „ferrei
1765 4286 1916 4339 sunt
1962 4276 2072 4338 isti
2120 4273 2372 4359 patres’'
2422 4276 2664 4343 indicat
2710 4279 2913 4345 defec-

530 4388 637 4449 tus
683 4382 1177 4455 coniunctionis,
1226 4383 1605 4469 quapropter
1651 4379 1805 4444 haec
1851 4382 1944 4445 sic
1989 4383 2344 4446 constituo:
