3369 5142
549 322 682 398 370
1616 341 1855 396 mosao,

543 523 739 587 etiam
786 523 991 585 morte
1038 519 1301 586 honesta
1347 524 1601 605 turpem
1648 523 1855 586 vitam
1897 537 2195 585 exornare
2233 521 2516 605 possunt.
2569 516 2693 583 Sed
2733 515 2924 604 longe

544 629 645 692 his
689 625 1185 692 calamitosiores
1231 625 1333 690 illi
1380 631 1529 691 sunt
1576 647 1846 710 quorum
1899 625 2058 689 bona
2105 627 2461 691 venierunt.
2516 625 2552 708 ς
2603 623 2727 688 49:
2774 647 2924 688 nam

546 736 699 820 quid
754 732 993 797 homini
1038 743 1240 814 potest
1288 735 1565 820 turpius,
1615 735 1769 818 quid
1813 755 1952 796 vero
1999 733 2283 794 miserius
2330 744 2442 795 aut
2489 731 2758 795 acerbius
2811 753 2927 793 usu

546 836 789 904 venire?
852 841 1019 924 quod
1079 851 1323 902 tantum
1385 841 1614 903 evenire
1678 841 1926 902 dedecus
1947 885 1962 914 ‚
2034 861 2188 924 quae
2236 850 2412 901 tanta
2459 837 2780 901 calamitas
2831 838 2930 899 im-

549 948 744 1009 veniri
778 942 1031 1031 potest?

638 1050 959 1115 Miramur
1002 1049 1293 1115 nonnihil
1344 1049 1708 1116 Ciceronem
1761 1055 1969 1115 tantas
2011 1053 2079 1114 in
2129 1071 2202 1115 ea
2239 1071 2306 1115 re
2344 1049 2704 1137 tragoedias
2743 1050 2922 1124 ciere,

548 1157 656 1222 sed
718 1157 969 1240 scripsit
1032 1157 1187 1221 haec
1248 1155 1609 1220 adolescens
1673 1163 1738 1221 et
1805 1163 2185 1243 argumento
2231 1157 2531 1221 serviens.
2627 1154 2928 1220 Nondum

548 1265 703 1329 satis
752 1266 882 1327 est:
933 1265 1103 1326 cuius
1148 1263 1305 1328 borea
1351 1265 1665 1327 venierunt
1715 1299 1798 1312 —-
1849 1265 2034 1327 etiam
2081 1263 2262 1348 infra
2307 1275 2584 1326 mortuos
2625 1262 2928 1324 amanda-

552 1385 691 1448 ων,
755 1368 821 1433 id
880 1373 977 1434 est
1036 1390 1247 1433 eorum
1309 1368 1436 1431 vita
1483 1385 1617 1432 'mu
1665 1371 1868 1456 turpis
1913 1381 2001 1432 est
2051 1380 2120 1431 ut
2167 1390 2241 1431 ne
2287 1369 2478 1432 morti
2521 1367 2767 1453 quidem
2815 1366 2924 1428 Ιιο-

548 1489 751 1542 nestae
808 1475 1005 1540 locum
1066 1475 1396 1560 relinquat.
1490 1472 1866 1539 Tumidiora
1931 1473 2084 1538 haec
2131 1472 2388 1558 quidem
2436 1478 2586 1538 sunt
2631 1478 2695 1536 et
2741 1493 2932 1558 exag-

549 1583 834 1671 gerantis
882 1583 1115 1658 orati0,
1166 1581 1273 1645 sed
1319 1599 1442 1645 non
1490 1582 1862 1646 insanientis
1909 1587 1974 1645 et
2019 1578 2382 1657 delirantis,
2431 1583 2506 1644 ut
2551 1581 2619 1644 in
2665 1577 2932 1666 vulgata

550 1687 838 1755 lectione.

1278 1889 1403 1954 Pro
1452 1887 1590 1954 Sea).
1638 1887 1862 1954 Roscio
1907 1885 2228 1954 Amerino.

642 2103 716 2169 In
763 2105 797 2187 ἓ
846 2103 955 2166 21.
1008 2102 1221 2168 locum
1272 2104 1545 2188 pessime
1591 2101 1886 2166 habitum
1934 2103 2028 2165 ita
2074 2100 2393 2188 Pluygers
2439 2101 2934 2188 redintegravit:

554 2233 773 2276 nomen
842 2210 1118 2295 refertur
1184 2213 1251 2272 in
1320 2209 1564 2272 tabulas
1624 2207 1800 2272 Sexti
1865 2207 2105 2284 Roscii,
2177 2209 2440 2274 hominis
2502 2208 2939 2273 studiosissimi

552 2315 892 2381 nobilitatis
900 2339 923 2392 ;
972 2314 1166 2396 (BONA
1200 2331 1495 2378 VRNRUN'I·
1516 2313 1558 2399 ς)
1606 2336 1888 2400 manceps
1913 2314 2004 2399 fit
2049 2311 2497 2398 Chrysoyonus.
2526 2317 2652 2378 tria
2667 2314 2934 2400 praedia

552 2421 643 2485 vel
701 2419 1079 2484 nobilissima
1146 2417 1438 2506 Capitoni
1488 2421 1764 2506 propria
1827 2419 2167 2484 traduntur
2183 2465 2199 2496 ,
2252 2455 2335 2467 -
2385 2419 2684 2506 impetum
2732 2419 2934 2504 facit,

554 2526 887 2612 expunctis
977 2524 1185 2591 verbis
1269 2543 1401 2611 sqq.
1481 2523 1659 2613 [haec
1732 2524 1892 2589 bona
1959 2530 2262 2590 emuntur
2331 2524 2576 2591 duobus
2644 2522 2935 2589 millibus

552 2631 925 2719 nummum]
1019 2652 1179 2716 quae
1248 2630 1417 2697 male
1484 2631 1610 2695 huc
1679 2632 2070 2715 irrepserunt
2139 2652 2214 2696 ex
2285 2634 2316 2717 ἓ
2387 2632 2463 2696 6:
2537 2633 2724 2697 bona·
2763 2630 2939 2696 Sexti

554 2738 766 2803 Roscii
814 2776 895 2787 —
946 2739 1179 2803 duobus
1238 2738 1508 2802 millibus
1566 2760 1885 2801 nummum
1948 2760 2069 2803 sese
2127 2740 2276 2803 dicit
2331 2742 2543 2804 emisse
2592 2776 2674 2787 -—
2735 2736 2934 2823 Chry-

553 2868 831 2930 soqonus.

552 3032 556 3035 ι
644 2950 743 3015 Ex
777 2951 913 3036 ipso
962 2951 1309 3015 sententiae
1356 2948 1551 3014 fundo
1601 2948 1860 3025 elicuit,
1911 2950 2039 3015 fere
2089 2950 2361 3016 dixerim
2409 2950 2770 3037 expiscatus
2817 2954 2931 3025 est,

555 3057 680 3123 duo
724 3056 923 3122 verba
967 3054 1315 3122 necessaria
1360 3055 1517 3119 bona
1564 3067 1833 3119 veneunt.
1929 3056 2117 3121 Nunc
2157 3056 2420 3123 demum
2461 3058 2677 3122 omnia
2715 3055 2934 3121 ordine

550 3162 927 3248 procedunt:
1012 3161 1288 3248 refertur
1370 3164 1437 3224 in
1522 3162 1763 3225 tabulas
1833 3162 2127 3237 Roscius5
2196 3163 2354 3227 bona
2423 3174 2678 3228 veneunt
2687 3187 2709 3239 ,·
2785 3162 2930 3226 emit

567 3266 1013 3355 Chrysoyonus.

644 3374 1181 3460 Proscriptionem
1267 3373 1564 3439 continuo
1648 3376 2029 3459 sequebatur
2097 3375 2407 3441 bonorum
2477 3375 2796 3452 venditio,
2869 3380 2936 3439 et

552 3480 708 3546 haec
779 3480 905 3545 duo
973 3479 1273 3565 coniungi
1344 3478 1548 3545 solent
1614 3485 1690 3545 ut
1757 3482 1825 3545 in
1887 3481 1923 3563 5
1977 3479 2142 3545 128:
2217 3478 2458 3568 Opinor
2517 3504 2638 3547 esse
2701 3485 2766 3546 in
2815 3482 2934 3566 le9e

553 3610 743 3674 quam
808 3588 895 3651 ad
960 3587 1123 3649 diem
1182 3587 1665 3672 proscriptiones
1736 3588 2219 3671 venditionesque
2266 3588 2460 3673 fiant.
2527 3625 2610 3635 —
2671 3586 2932 3673 Aliquot

548 3704 694 3778 post
740 3712 968 3756 menses
1014 3702 1071 3755 et
1117 3688 1297 3755 homo
1343 3694 1566 3757 occisus
1610 3703 1700 3757 est
1745 3706 1802 3757 et
1851 3692 2008 3756 bona
2055 3695 2279 3757 venisse
2325 3695 2638 3759 dicuntur.

644 3902 723 3967 In
769 3903 806 3985 5
857 3901 976 3966 31:
1024 3912 1257 3966 certum
1302 3912 1390 3967 est
1434 3902 1951 3988 deliberatumque
1995 3926 2150 3989 quae
2195 3907 2282 3969 ad
2331 3928 2581 3970 causam
2618 3908 2929 3994 pertinere

555 4010 837 4075 arbitror
878 4010 1087 4074 omnia
1130 4030 1253 4072 non
1300 4011 1481 4072 modo
1524 4009 1716 4072 dicere
1773 4030 1982 4073 verum
2040 4013 2230 4075 etiam
2274 4011 2526 4077 libenter
2578 4010 2932 4098 [audacter]

558 4115 851 4202 libereque
896 4116 1104 4179 dicere.

646 4220 905 4287 Delevit
962 4223 1273 4305 audacter,
1329 4220 1497 4306 quod
1542 4240 1580 4285 a
1628 4218 1948 4287 Ciceronis
1995 4242 2259 4307 persona
2304 4222 2770 4289 alienissimum
2819 4228 2934 4287 est.

650 4324 996 4412 Comparat
1042 4326 1289 4392 Parad.
1336 4325 1411 4391 V.
1462 4328 1497 4411 ξ
1546 4324 1665 4391 34:
1715 4327 1874 4393 nihil
1917 4331 2145 4414 eoyitat
2189 4332 2443 4414 denique
2489 4331 2613 4393 nisi
2666 4328 2936 4393 lubenter

561 4456 630 4499 ac
678 4433 879 4499 libere.

3345 112 3366 324 r—*L
